2506 3990
101 240 136 287 iv
148 252 168 303 ς.
183 239 284 304 5c75.]
525 237 725 286 ADELPHOE.
1120 239 1149 287 41

222 403 302 477 Quid
324 403 427 460 fieret?
449 419 508 476 qua
529 402 634 459 fieret?
656 402 679 458 si
701 410 730 458 te
752 402 792 458 mi
814 405 908 476 ipsum
930 401 1035 477 puduit
1053 403 1150 476 pudio-

543 501 602 574 qui,
1093 505 1151 576 690

221 601 288 674 Qud
302 600 512 656 resciscerem?
554 598 627 656 haee
644 596 716 654 dum
737 596 863 672 dubitas,
878 601 995 658 menses
1017 602 1150 659 abierunt

461 721 463 725 ¹
543 695 658 754 decem.

222 795 380 854 Prodidisti
395 806 425 853 et
440 806 467 853 te
483 798 513 852 et
528 795 606 851 iilam
628 794 765 851 miseram
787 805 817 852 et
837 798 968 870 gnitum,
984 796 1065 870 quod
1087 798 1149 871 qui-

543 891 613 949 dem
628 892 657 948 in
672 894 700 948 te
717 891 778 948 fuit.

221 991 323 1065 Quid?
364 990 506 1049 credebas
521 989 681 1048 dormienti
696 991 771 1048 haec
786 991 839 1049 tibi
854 992 1041 1049 confecturus
1056 991 1150 1049 deos?

220 1074 259 1146 Et
281 1090 358 1145 illam
380 1089 442 1146 sine
465 1098 514 1146 tua
536 1091 626 1162 dpera
641 1088 671 1145 in
686 1088 854 1146 cubiculum
869 1088 901 1145 iri
917 1087 1080 1146 deductum
1098 1088 1150 1146 do-

542 1187 646 1242 mum?

221 1284 323 1341 Ndlim
338 1285 501 1339 ceterdrum
516 1301 612 1340 rerum
628 1285 656 1340 te
672 1282 829 1340 socordem
844 1282 952 1340 eoddm
968 1283 1069 1341 modo,
1092 1287 1147 1361 695

221 1382 305 1438 Bono
320 1381 419 1436 animo
434 1398 475 1450 es,
491 1379 582 1437 duces
604 1397 735 1437 uxorem.
778 1382 831 1437 ΑΕ.
855 1381 946 1437 Hem.
991 1383 1043 1438 Mi.
1067 1383 1150 1440 Burro

542 1477 642 1535 animo
658 1495 689 1534 es
704 1478 833 1552 inquam.
876 1480 929 1535 ΑΕ.
955 1480 1047 1549 Pater,

220 1559 363 1645 Obsecro,
377 1593 448 1632 num
463 1574 539 1632 ludis
554 1593 633 1632 nunc
649 1585 680 1632 tu
695 1576 764 1632 me?
806 1577 859 1632 Mi.
903 1561 968 1650 Ego
983 1577 1033 1633 te?
1061 1595 1152 1651 quam

542 1673 680 1730 obrem?
721 1675 775 1730 ΑΕ.
799 1672 927 1730 Nescio:

221 1769 298 1843 Quia
309 1779 369 1826 tam
385 1769 489 1826 misere
505 1770 562 1827 hoc
578 1772 641 1827 esse
657 1770 746 1844 cupio
760 1772 872 1841 uerum,
885 1789 921 1827 eo
932 1774 1037 1829 ueredr
1048 1773 1149 1847 magis

97 1885 122 1922 us
144 1869 197 1926 Ml.
220 1856 281 1926 ribi
294 1865 418 1925 domum
440 1885 475 1924 ac
497 1866 571 1924 deos
592 1870 783 1942 cduprecere,
798 1878 831 1925 ut
851 1871 974 1926 uxorem
995 1872 1145 1927 accerses:

331 1968 334 1974 '
542 1967 599 2025 abi.

142 2067 197 2122 ΑΕ.
221 2062 322 2138 Quid?
342 2064 400 2121 iam
422 2066 565 2121 uxorem?
614 2065 662 2120 Ni.
686 2066 759 2121 Idm.
802 2067 856 2122 ΑΕ.
880 2066 965 2122 Iam?
1004 2047 1060 2123 Mi.
1085 2068 1147 2123 Iam
1218 2059 1220 2064 ’

541 2165 684 2234 quantum
713 2171 819 2235 potest.
861 2164 916 2218 ΑΕ.
946 2163 985 2218 Di
1014 2166 1072 2234 me,
1098 2183 1147 2239 pa·

542 2268 595 2328 ter,
1094 2279 1150 2336 700

221 2340 333 2415 Omnes
348 2355 472 2426 oderint,
485 2356 515 2412 ni
531 2356 622 2430 magis
638 2365 770 2430 tequam
786 2357 887 2414 dculos
903 2375 981 2414 nunc
1003 2376 1059 2433 ego
1081 2363 1148 2417 amd

542 2471 633 2510 meos.

143 2552 197 2609 Mi,
221 2549 322 2624 Quid?
351 2568 440 2624 quam
476 2551 576 2607 illam?
625 2552 679 2607 Ac.
707 2552 820 2624 Aeque.
872 2553 925 2609 Mi.
956 2554 1146 2629 Perbenigne.

542 2650 595 2704 ΑΕ.
620 2647 721 2722 Quid?
742 2648 789 2704 iile
804 2648 854 2705 ubi
869 2657 914 2705 est
929 2650 1083 2708 Milesius?

143 2747 197 2803 Mi.
220 2746 326 2802 Periit:
350 2746 430 2810 abiit,
453 2748 559 2803 nauem
581 2744 723 2803 ascendit.
766 2744 819 2802 sed
841 2763 915 2819 quor
936 2749 1053 2804 cessas?
1094 2751 1148 2806 ΑΕ.

543 2833 611 2913 dui,
628 2854 728 2918 pater:

98 2956 123 2996 70
217 2941 263 2997 Ti'r
279 2942 376 3015 potius
391 2939 464 2998 deos
479 2944 678 3014 cdnprecare3
700 2944 769 2997 nim
784 2941 837 2998 tibi
853 2959 904 2998 eos
920 2946 1001 3000 certd
1017 2944 1087 3013 sci0,

220 3038 289 3112 Qud
319 3039 363 3094 uir
393 3038 495 3094 melior
517 3038 610 3093 multo
641 3055 672 3094 es
694 3056 782 3111 quam
804 3056 869 3112 eg0‚
892 3042 1147 3112 opteinperaturds

542 3135 642 3208 magis.
1092 3156 1144 3214 705

143 3233 197 3290 Mi.
220 3218 285 3307 Ego
309 3251 344 3290 eo
368 3233 453 3303 intro,
474 3243 506 3290 ut
530 3250 604 3306 quae
629 3250 704 3306 opus
726 3235 793 3289 sunt
815 3243 971 3306 parentur3
995 3237 1025 3290 tu
1048 3236 1093 3291 fac
1115 3247 1146 3292 ut

541 3330 610 3400 dixi,
626 3333 649 3386 si
665 3330 741 3403 sapis
761 3330 838 3406 (goes
849 3332 910 3388 into
926 3331 1102 3408 meliorare).

142 3431 196 3485 ΑΕ.
224 3427 431 3504 (solt'loqm'zes)
452 3427 531 3501 Quid
546 3428 603 3484 hoc
620 3430 664 3484 est
680 3427 801 3502 negoti?
823 3427 880 3484 hoc
895 3431 939 3486 est
954 3439 1068 3503 putrem
1083 3448 1146 3487 esse

541 3537 589 3583 aut
604 3527 662 3585 hdc
677 3537 721 3584 est
736 3527 827 3584 sslium
842 3529 927 3585 esse?

220 3624 248 3681 Si
264 3624 351 3681 frater
365 3635 414 3681 aut
429 3623 535 3683 sedilis
551 3636 635 3696 esset,
653 3630 701 3700 qui
718 3628 810 3702 magis
825 3644 940 3685 morem
956 3628 1088 3698 gereret?

99 3737 122 3775 ir
216 3721 278 3778 Hic
288 3726 349 3780 udn
360 3722 526 3783 amandus?
547 3724 648 3784 hicine
658 3744 726 3785 nou
735 3719 1078 3800 gesruuuus'msmuse.
1089 3716 1188 3765 mem.
