2506 3990
520 226 720 277 ADELPHOE.
987 224 1023 291 [V
1035 240 1060 288 4,
1076 237 1145 287 1·¹9·

525 679 652 738 ACTVS
678 679 714 736 V.

339 872 437 931 Enter
450 871 652 945 Drumfrom
668 873 787 930 Micro’s
800 872 899 931 house.

487 1021 600 1077 Drusi
619 1021 764 1094 (Srusx).

226 1165 431 1243 (soliloquizes)
449 1168 620 1241 Numquam
632 1167 673 1224 ita
683 1167 839 1241 quisquam
853 1167 931 1225 bene
945 1165 1090 1226 subducta
1105 1168 1146 1224 ri·

542 1264 622 1322 tione
637 1262 675 1322 ad
690 1264 782 1322 uitim
796 1264 858 1335 fuit,
1091 1265 1148 1340 855

220 1361 299 1436 Quin
314 1378 359 1418 res
373 1371 454 1419 aetas
468 1364 536 1419 usus
551 1380 668 1438 semper
683 1361 793 1436 aliquid
808 1360 946 1436 adportet
959 1360 1039 1431 noui,

219 1448 341 1532 Aliquid
358 1469 495 1531 moneat3
517 1462 550 1516 ut
564 1459 612 1517 illa
627 1478 702 1534 quae
718 1469 746 1518 te
761 1463 851 1517 scisse
866 1458 969 1516 credas
983 1458 1107 1530 nescias,

123 1544 125 1548 ¹
219 1541 259 1613 Et
273 1573 348 1629 quae
364 1555 417 1614 tibi
432 1556 541 1630 putdris
556 1557 659 1631 prima,
676 1557 706 1614 in
721 1556 904 1632 experiundo
918 1566 950 1614 ut
964 1555 1112 1632 repudies

221 1652 312 1727 Qudd
337 1670 416 1710 nunc
441 1653 481 1710 mi
506 1658 605 1712 euenit
615 1675 624 1726 ;
646 1673 715 1712 nam
740 1673 796 1729 ego
817 1655 909 1713 uitam
930 1653 1043 1725 duram,
1061 1671 1152 1728 quam

541 1752 599 1809 uixi
614 1754 708 1826 usque
722 1751 829 1823 adhuc,

220 1850 315 1924 Prdpe
330 1848 389 1905 iam
403 1866 526 1907 excurso
540 1849 636 1923 spatio
658 1849 753 1907 mitto.
796 1847 826 1906 id
844 1867 933 1923 quam
955 1849 994 1908 db
1015 1849 1100 1906 rem?
1120 1866 1152 1906 re

542 1946 607 2021 ipsa
620 1947 737 2022 repperi
1092 1947 1153 2004 860

221 2042 244 2099 F
245 2043 373 2101 ecilitate
387 2043 428 2100 nil
442 2061 506 2101 esse
521 2043 633 2101 homini
648 2044 752 2101 melius
767 2060 863 2117 neque
879 2043 1045 2101 clementia.

221 2124 259 2198 id
281 2157 344 2198 esse
366 2157 469 2198 uerum
490 2159 526 2198 ex
550 2158 598 2198 me
619 2143 708 2215 utque
733 2158 770 2198 ex
795 2140 880 2197 fratre
902 2139 1016 2214 quoiuis
1039 2139 1155 2197 facilest

542 2240 675 2295 ndscere.

222 2318 276 2391 ille
290 2352 373 2392 suam
388 2337 448 2410 egit
462 2337 579 2410 semper
593 2335 684 2393 uitam
699 2335 730 2392 in
744 2335 815 2406 otio,
830 2335 861 2392 in
875 2335 1037 2407 conuiuiis3

222 2431 371 2502 Clemens
386 2430 528 2506 placidus,
544 2433 614 2489 nulli
629 2431 746 2490 laedere
761 2436 803 2503 es,
818 2431 953 2490 adridere
968 2431 1125 2503 bmnibus3

221 2529 281 2588 Sibi
309 2528 390 2599 uixit,
416 2529 471 2587 sibi
499 2532 649 2603 sumptum
678 2529 766 2586 fecit:
803 2532 906 2587 dmnes
934 2529 1010 2587 bene
1039 2527 1154 2599 dicunt,

544 2637 652 2684 amant.
1095 2627 1153 2702 865

222 2708 287 2798 Ego
319 2723 366 2781 ille
401 2724 532 2798 agrestis,
558 2726 671 2796 saeuos,
698 2723 794 2795 tristis,
820 2726 934 2798 puseus,
963 2722 1155 2794 truculentus

543 2828 632 2878 tenax

222 2917 301 2974 Duxi
316 2935 455 2975 uxorem:
479 2935 568 2992 quam
584 2917 624 2976 ibi
639 2917 786 2975 miseriam
801 2916 881 2975 uidi!
903 2916 963 2975 nati
983 2916 1053 2974 filii:

222 3004 291 3073 Alia
305 3032 382 3073 cura.
425 3015 492 3072 heia
512 3018 621 3085 autem,
638 3014 709 3072 dum
731 3013 836 3073 studeo
858 3014 911 3073 illis
933 3025 965 3073 ut
979 3032 1068 3089 quam
1090 3014 1156 3090 plu-

544 3113 651 3171 rimum
892 3105 895 3112 ’

225 3209 376 3280 Ράοετεω,
399 3209 524 3267 contriui
548 3212 576 3266 in
604 3208 776 3284 quaerundo
801 3212 891 3266 uitam
915 3218 1002 3283 atque
1025 3210 1156 3266 aetatem

544 3325 660 3364 meam:

223 3404 311 3461 Nunc
327 3414 431 3461 exacta
441 3406 536 3462 aetite
548 3404 606 3461 hoc
623 3404 708 3461 fructi
723 3406 776 3478 prd
791 3402 890 3462 labore
905 3402 943 3461 ab
955 3405 995 3461 eis
1010 3402 1084 3474 fer0,
1096 3405 1157 3478 870

223 3484 334 3560 Odium
345 3520 354 3572 ;
377 3499 424 3558 ille
439 3501 511 3559 alter
525 3505 587 3559 sine
602 3502 701 3560 labore
717 3501 810 3576 putria
824 3500 934 3575 potitur
948 3500 1128 3560 cdmmoda:

221 3582 309 3655 illum
326 3609 433 3670 amant,
450 3618 497 3656 me
513 3601 657 3675 fugitant3
679 3600 717 3657 illi
733 3598 858 3657 credunt
873 3599 994 3657 consilia
1009 3600 1119 3672 Omnia,

202 3678 297 3752 Illum
314 3694 455 3775 diligunt,
468 3697 553 3776 apud
567 3698 652 3758 illum
661 3700 732 3758 sinu
744 3696 845 3768 amiso,
855 3713 911 3770 ego
925 3695 1058 3755 desersus
1072 3714 1161 3769 sum3
