2506 3990
526 252 725 302 ADELPHOE.
837 252 1018 317 [112,39-45;
1041 265 1063 314 3,
1080 265 1151 300 1-=11.

224 415 377 491 Numquid
405 417 448 474 uis
477 416 548 490 quin
576 417 706 474 abeam?
760 416 807 474 SA.
847 395 945 474 frumo
970 416 1068 474 hercle
1094 414 1153 473 hoc

544 518 663 587 quaeso,
679 511 765 588 Syre:

174 667 178 675 ,
223 615 263 670 Vt
277 621 309 670 ut
323 611 396 669 haec
411 621 478 670 sunt
491 619 566 682 acta,
581 612 679 686 potius
694 629 783 685 quam
797 612 853 669 litis
868 630 981 685 sequar,

222 711 326 767 Meum
342 710 412 766 mihi
426 708 573 780 reddatur,
589 709 692 766 stltem
707 710 808 782 quanti
823 712 960 784 emptast,
976 710 1053 783 Syre.

222 808 289 865 Scio
304 810 332 864 te
348 825 408 864 non
422 825 507 864 usum
522 807 646 864 antehac
661 807 790 865 amicitit
804 825 888 865 mea:
1094 825 1109 863 2
1113 823 1153 882 50

223 906 388 962 Memorem
404 922 451 961 me
467 903 548 961 dices
563 907 626 962 esse
642 914 671 962 et
685 914 808 979 gratum.
851 906 898 963 Su.
927 903 1034 962 Sedulo

222 1003 246 1059 F
247 1002 351 1059 acidm.
394 1001 447 1059 sed
462 1002 675 1076 Ctesiphdnem
690 1001 798 1074 uide03
820 1002 912 1059 laetus
927 1011 971 1058 est

223 1099 270 1156 De
286 1102 388 1156 amica.
432 1100 478 1157 SA.
495 1098 575 1172 Quid
590 1098 671 1173 quod
687 1108 715 1156 te
731 1100 805 1157 dro?
829 1100 875 1158 Su.
892 1098 1041 1172 Paulisper
1055 1115 1153 1154 mane.

322 1368 421 1424 Emer·
434 1368 584 1426 Crusrpuo
596 1367 681 1440 from
698 1369 744 1424 tlre
760 1376 889 1442 country,
907 1388 931 1424 r.

123 1525 272 1583 Crusuuo
291 1523 529 1598 (Arrvruscrus).
566 1523 824 1601 SANu10(Luuo).
864 1526 955 1583 Surus
974 1522 1133 1601 (Servos).

103 1690 162 1763 113
174 1689 432 1764 CT.(seliloqm'zes,
449 1697 501 1744 not
513 1689 641 1762 notr'cing
653 1689 699 1745 tlte
709 1687 819 1763 others)
838 1690 899 1746 Abs
914 1689 1007 1763 quiuis
1022 1689 1152 1759 homine,

544 1789 663 1859 qudmst
691 1803 774 1860 opus,
803 1786 982 1844 beneficium
1017 1786 1153 1860 accipere

543 1882 672 1958 gaudeas
683 1903 692 1956 3

222 1981 331 2037 Vemm
353 1981 432 2038 enim
455 1998 524 2038 uero
545 1979 576 2038 id
598 1979 719 2038 demum
740 1981 828 2051 iuuat,
844 1981 868 2037 si
890 1999 978 2055 quem
998 1983 1153 2054 aequomst

543 2077 639 2135 facere
655 2079 678 2135 is
693 2078 769 2135 bene
785 2079 863 2135 facit.
1095 2098 1109 2134 2
1115 2097 1129 2154 5
1135 2097 1149 2154 5

222 2174 250 2233 O
262 2174 348 2232 frdter
359 2175 454 2245 frater,
464 2173 536 2249 quid
547 2193 602 2250 ego
617 2193 695 2232 nunc
707 2184 735 2233 te
748 2174 886 2232 laudem?
907 2176 976 2232 satis
987 2179 1068 2233 certo
1080 2177 1151 2246 sci0,

223 2271 393 2344 Numquam
408 2275 448 2328 ita
462 2272 617 2346 magnifice
633 2276 791 2346 quicquam
806 2271 914 2343 dicam,
930 2271 961 2329 id
975 2275 1065 2330 uirtus
1081 2273 1152 2346 quin

543 2372 660 2443 superet
675 2379 733 2426 tua.

220 2465 324 2538 Itaque
339 2467 428 2522 unam
443 2465 519 2522 hanc
534 2483 596 2523 rem
619 2485 666 2523 me
688 2467 796 2524 habere
818 2476 933 2541 praeter
954 2467 1025 2524 dlios
1040 2468 1150 2542 praeci-

543 2581 632 2636 puam
648 2564 778 2633 arbitror,
802 2621 807 2629 ,

221 2658 352 2716 Fratrem
377 2658 489 2716 hdmini
515 2661 626 2717 nemini
651 2663 714 2717 esse
740 2660 899 2734 primarum
929 2642 1034 2718 drtium
1060 2661 1150 2734 magis

540 2757 739 2830 principem„

140 2852 185 2909 su.
222 2851 427 2926 OCtesiphot
463 2854 516 2911 cr.
532 2854 560 2912 0
575 2855 653 2928 syre,
669 2853 832 2912 Aeschinus
847 2855 944 2913 ubist?
980 2854 1025 2912 εγ.
1043 2840 1150 2924 Erum,

531 2959 569 3007 te
585 2953 722 3024 expectdt
737 2950 828 3008 domi.
871 2952 923 3010 Cr.
941 2953 1030 3008 Hem.
1093 2955 1150 3010 260

139 3045 185 3103 Su.
220 3044 300 3119 Quid
315 3048 379 3104 est?
420 3047 473 3104 Cr.
503 3046 583 3119 Quid
598 3047 656 3105 sit?
677 3048 751 3105 illius
766 3052 865 3123 opera,
878 3050 955 3123 Syre,
968 3065 1046 3104 nunc
1061 3052 1147 3105 uiuo:

540 3144 678 3202 festiudm
694 3156 791 3220 caput,

219 3238 278 3312 Qui
291 3258 377 3313 quom
393 3241 492 3297 Omnia
509 3241 564 3299 sibi
585 3247 653 3317 pdst
667 3243 781 3317 putauit
802 3246 865 3300 esse
888 3261 956 3316 prae
979 3260 1046 3299 meo
1068 3245 1149 3300 edm-

539 3338 640 3410 m0d0,

97 3447 121 3485 10
219 3432 389 3505 Maledicta,
412 3436 529 3507 famam,
554 3439 654 3494 meum
677 3436 808 3494 laborem
828 3447 858 3495 et
880 3440 1035 3512 peccatum
1059 3437 1088 3493 in
1118 3454 1148 3493 se

539 3535 692 3592 transtulit.
936 3524 938 3527 ’

211 3627 265 3684 Ni)
282 3631 360 3703 pute
380 3648 476 3706 supra.
519 3631 591 3708 quid
617 3636 686 3691 nam
705 3633 775 3690 foris
796 3633 929 3707 crepuit?
971 3632 1017 3691 Su.
1047 3634 1147 3704 Mune,

538 3750 629 3792 mane
645 3732 710 3810 ipse
726 3735 787 3791 erdt
800 3731 888 3789 turus,
