2506 3990
96 270 259 334 namo]
522 270 735 334 ADELPHOE„

351 449 452 508 Enter
463 450 631 508 Assscffluvs
637 449 723 522 from
739 451 786 507 tlte
799 451 896 509 house.

129 594 306 662 Assorinos,
328 592 478 651 Cerauno
494 591 741 668 (oncascsnras
755 593 805 667 u),
848 594 939 651 Sunvs
959 590 1116 668 (Sunvos).

493 690 603 748 Sannio
623 684 754 766 (Leno).

98 825 283 904 II4AE.(as
303 827 451 883 becomes
471 825 535 900 out)
560 813 646 884 Vbi'st
668 827 714 883 ille
736 826 913 901 sacrilegus?
960 827 1006 884 SA.
1033 826 1144 903 (asz'dc)

539 924 592 981 Me
615 924 737 997 quaerit.
779 922 923 997 numquid
947 941 1015 980 nam
1038 924 1150 980 ecfert?

539 1018 637 1078 occidi
649 1041 656 1091 ;
1093 1024 1147 1097 265

219 1119 269 1175 Nil
293 1117 392 1176 uideo
434 1120 489 1175 Aa.
522 1117 566 1195 (ro
592 1117 758 1194 Cissnno)
785 1117 881 1175 Ehem
906 1122 1071 1193 opportune
1083 1140 1091 1190 3
1121 1128 1149 1176 te

540 1215 635 1289 ipsum
651 1218 769 1289 quaero.
812 1214 884 1288 quid
899 1216 940 1285 fit,
957 1216 1121 1289 Ctesipho?

219 1315 254 1371 In
269 1317 361 1371 tutost
375 1313 470 1370 omnis
484 1316 549 1384 res;
572 1313 675 1370 omitte
690 1315 761 1369 uero
776 1313 922 1370 tristitiem
938 1322 1027 1369 tuam.

137 1411 192 1470 CT.
221 1412 285 1486 Ego
308 1411 387 1467 illam
412 1410 509 1467 hercle
531 1427 601 1466 uero
624 1413 737 1479 omitto
753 1411 804 1483 qui
829 1409 949 1483 quidem
972 1421 1000 1468 te
1023 1410 1148 1467 habeam

176 1563 181 1574 ,
540 1507 674 1563 fratrem:
698 1525 716 1563 o
732 1507 772 1563 rni
786 1507 943 1577 Aeschine,

108 1623 122 1662 s
220 1605 248 1665 Ο
276 1609 316 1663 mi
344 1607 501 1680 germane!
524 1602 570 1673 ah,
594 1606 697 1660 uereor
725 1621 825 1660 coram
853 1605 882 1660 in
911 1608 944 1662 os
973 1591 1001 1661 te
1030 1602 1147 1661 laudare

539 1701 673 1774 amplius,

220 1801 266 1857 Ne
294 1798 325 1856 id
350 1796 525 1857 adsentandi
553 1798 646 1871 magis
674 1816 763 1871 quam
792 1816 851 1871 quo
881 1798 1006 1855 habeam
1034 1800 1148 1872 gratum

539 1894 636 1952 facere
651 1898 816 1951 existumes.
1091 1913 1149 1968 270

137 1995 192 2052 ΑΕ.
220 1996 283 2069 Age
308 1994 417 2067 inepte,
443 1992 525 2066 quasi
553 2010 632 2048 nunc
660 1995 720 2049 non
749 1992 878 2048 norimus
907 1995 960 2049 nos
988 1992 1146 2062 internos

538 2087 691 2162 Ctesipho,

219 2189 289 2245 Hoc
305 2186 376 2244 mthi
390 2184 480 2255 dolet,
495 2202 548 2242 nos
563 2188 628 2242 sero
644 2185 764 2243 rescisse
785 2187 814 2241 et
836 2205 896 2241 rem
919 2203 1013 2259 paene
1035 2186 1148 2243 inerim

538 2282 637 2339 locum

218 2379 351 2450 Redisse,
364 2389 395 2437 ut
410 2379 434 2436 si
448 2396 551 2436 omnes
566 2382 709 2452 cuperent
721 2379 773 2436 tibi
788 2379 828 2435 nil
839 2382 960 2453 possent
975 2379 1146 2437 auxiliarier.

97 2496 121 2534 ιο
135 2480 189 2538 CT.
219 2476 361 2535 Pudebat.
403 2480 457 2533 ΑΕ.
479 2475 534 2545 Ah,
547 2461 695 2532 stultitiast
710 2476 808 2546 istaec,
820 2479 881 2533 non
896 2474 1000 2550 pudor.
1034 2487 1093 2532 taur
1109 2478 1148 2532 ob

536 2574 687 2647 paruolam

218 2674 294 2731 Rern
310 2675 403 2747 paene
416 2690 432 2728 e
447 2671 540 2746 patria
553 2674 559 2728 i
581 2674 665 2744 tdrpe
678 2669 779 2742 dictu3
802 2669 875 2728 deos
886 2688 995 2744 quaeso
1011 2679 1042 2726 ut
1058 2671 1147 2727 istaec

539 2768 723 2842 prohibeant.
1091 2787 1144 2843 275

137 2869 190 2927 CT.
217 2867 352 2924 Peccaui.
390 2868 445 2923 ΑΕ.
465 2866 508 2943 (to
520 2866 626 2938 Suuvs)
639 2863 720 2938 Quid
736 2868 775 2921 ait
790 2863 911 2921 tandem
922 2865 1007 2921 nobis
1020 2865 1149 2922 Sannio?

538 2963 585 3020 Su.
608 2964 672 3019 Iarn
688 2962 765 3019 mitis
780 2973 832 3018 est.

136 3065 191 3120 ΑΕ.
218 3063 283 3136 Ego
298 3059 335 3118 ad
346 3061 441 3118 forum
452 3060 511 3131 ib0,
524 3069 555 3116 ut
566 3060 644 3116 ht‘rnc
657 3060 808 3116 absolnam
820 3079 828 3130 3
851 3068 881 3115 tu
897 3059 910 3115 ἱ
918 3062 994 3116 intro
1005 3056 1044 3140 ad
1059 3059 1146 3126 illam,

257 3210 258 3213 ,
538 3155 690 3229 Ctesipho.

137 3256 183 3315 SA.
216 3256 294 3331 Syre,
310 3259 393 3313 insta.
435 3254 482 3313 ὃν.
505 3254 615 3310 Eamus
626 3273 634 3324 3
664 3255 792 3325 namque
814 3252 861 3308 hic
882 3260 1019 3326 properat
1041 3254 1071 3308 in
1091 3251 1148 3327 Cy-

538 3368 629 3425 prum.
667 3348 713 3406 SA.
737 3349 804 3404 Non
820 3351 880 3404 tam
896 3346 1025 3422 quidem,

95 3465 120 3504 ιε
215 3450 313 3523 Quam
334 3452 378 3507 uis
389 3469 397 3521 3
426 3447 514 3506 etiarn
535 3463 642 3504 maneo
665 3445 775 3502 otiosus
797 3445 853 3501 hic.
903 3445 950 3502 Su.
973 3443 1147 3518 Reddetur;

537 3549 574 3602 ne
589 3545 669 3602 time.

136 3646 182 3705 SA.
215 3647 254 3702 At
272 3654 305 3702 ut
326 3649 414 3703 omne
434 3642 548 3701 reddat.
590 3643 637 3700 Su.
661 3622 759 3700 Omne
775 3637 902 3711 reddet,
923 3641 991 3696 tace
1005 3637 1099 3696 (nodo
1114 3659 1155 3694 ac

540 3760 669 3822 sequere
680 3741 754 3800 hac.
793 3740 848 3798 En.
866 3737 1002 3808 Sequor.
1123 3730 1187 3779 ὼ
