2506 3990
114 247 260 304 V2,1-11;
284 245 384 308 3,1-3.]
540 243 738 292 ADELPHOE.
1133 245 1165 294 45

185 445 299 501 DROMO
314 453 399 517 opens
414 443 486 499 daar
499 441 535 514 af
550 442 668 499 Mlcio’s
683 442 770 499 house
785 443 851 498 aad
860 451 984 516 appears
998 461 1035 498 an
1050 441 1096 498 tlte

561 538 717 595 threslrala'.

196 657 309 713 Dromo
328 653 455 730 (Per).
498 655 609 710 DEMEA
629 651 774 730 (SENEx).
816 654 908 712 Srnvs
927 653 1084 729 (Sonvos).

114 804 141 859 V
156 805 213 861 ΒΕ.
241 802 340 876 (calls)
367 802 451 859 Heus
476 801 554 875 Syre,
578 808 661 874 rogat
686 809 716 857 te
741 800 884 874 Ctesipho
909 809 941 857 ut
963 799 1075 857 redeas.
1118 801 1164 859 ὃν.

116 921 130 957 2
560 898 646 974 (salta
661 895 742 973 aare)
761 897 818 955 Abi
844 897 975 973 (DROMO
997 900 1165 973 disappears

556 997 621 1053 and
638 996 721 1053 shuts
737 993 898 1070 thadaar).

155 1096 214 1152 ΒΕ
235 1093 315 1168 Quid
344 1093 557 1168 Ctesiphonem
580 1093 628 1150 hic
657 1094 774 1151 narrat?
825 1093 872 1151 Si.
896 1092 954 1149 Nil.
1007 1094 1065 1150 ΒΕ.
1088 1093 1164 1164 Ehe,

557 1191 704 1262 carnufex‚

236 1291 289 1347 Est
317 1288 460 1362 Ctesipho
489 1289 586 1345 intus?
638 1288 684 1345 St.
714 1288 785 1345 Non
810 1296 864 1345 est.
916 1288 975 1345 ΒΕ.
1006 1287 1089 1361 Quor
1116 1287 1165 1345 hie

114 1442 119 1447 ,
555 1385 709 1442 nbminat?

154 1484 201 1542 St.
236 1485 290 1541 Est
304 1484 375 1541 alius
390 1481 521 1556 quidam,
536 1482 723 1557 parasitaster
736 1481 888 1555 pat‘rlulus:

126 1596 138 1635 o
236 1582 363 1639 Nostin?
404 1581 461 1637 ΒΕ.
485 1581 548 1636 Iam
575 1579 657 1636 scibo
677 1578 788 1654 (moves
812 1579 942 1637 towards
961 1580 1034 1637 daar
1053 1578 1090 1653 af
1107 1580 1164 1636 Mr-

555 1680 629 1737 clo's
650 1677 767 1752 house).
819 1678 865 1737 ΞΥ.
895 1676 975 1751 Quid
1000 1677 1081 1751 agis?
1105 1695 1164 1750 quo

555 1778 638 1835 abis?
660 1776 745 1852 (lrt'es
759 1785 786 1833 la
803 1784 864 1850 stap
877 1774 968 1850 tim).
998 1775 1055 1831 ΒΕ.
1078 1775 1164 1831 Mitte

556 1892 614 1932 me.
1109 1873 1165 1944 780

154 1973 200 2031 SY.
239 1961 373 2049 (keeping
397 1972 470 2030 tola
493 1970 530 2045 af
558 1970 684 2046 ΒΕΜΕΑ)
718 1971 787 2027 Noli
816 1974 944 2044 inquam.
1001 1970 1059 2026 ΒΕ.
1095 1969 1165 2026 Non

556 2086 675 2125 manum
690 2068 828 2137 abstines
844 2066 999 2141 mastigia?

233 2169 280 2224 An
302 2167 354 2225 tibi
379 2167 437 2223 iam
463 2166 555 2224 mauis
580 2166 734 2223 cerebrum
756 2163 923 2239 dispergam
952 2163 1021 2220 hic?
1046 2163 1164 2239 (rushes

555 2261 796 2337 inlathelraasa).
818 2259 1163 2338 Sv.(salilaquizcs)Abit.

234 2359 351 2436 EdepOI
367 2362 588 2419 comissatorem
604 2359 683 2417 haud
698 2378 767 2418 sane
783 2358 986 2430 commodum,

235 2459 406 2516 Praesertim
423 2458 606 2533 Ctesiphoni.
648 2456 720 2531 quid
735 2476 791 2532 ego
806 2460 885 2514 m‘rne
899 2457 1005 2531 agam?

236 2557 308 2627 Nisi,
321 2556 392 2613 dum
407 2557 462 2614 hai
478 2557 615 2614 silescunt
630 2556 741 2625 tirrbae,
757 2555 869 2612 interea
882 2554 912 2610 in
927 2553 1063 2628 Angulum
1107 2556 1160 2630 785

233 2655 340 2728 Aliquo
365 2655 470 2712 Abeant
495 2663 582 2727 atque
608 2652 804 2710 edormiscam
830 2652 887 2709 hoc
912 2652 971 2708 ulli.
1014 2655 1055 2709 sic
1077 2669 1163 2726 agam

560 2750 637 2826 (gaes
652 2751 712 2808 t'nla
728 2751 846 2808 Micio’s
860 2750 894 2823 by
908 2749 954 2805 tlte
968 2750 1028 2806 side
1041 2746 1142 2823 daar).

206 2963 305 3020 Emer
318 2964 411 3021 Micio
423 2962 508 3037 fram
523 2963 706 3032 SosrmrA’s,
721 2962 833 3035 talking
844 2970 872 3018 ta
887 2962 942 3017 lter
954 2953 1067 3018 within.

414 3108 516 3177 Mimo,
550 3107 661 3163 ΒΕΜΕΑ
680 3106 789 3182 (soors
809 3104 858 3181 11).

112 3236 138 3292 V
154 3238 207 3294 Mi.
233 3238 335 3294 Parata
349 3237 465 3295 anobis
480 3240 557 3307 sont,
573 3236 613 3292 ita
627 3246 658 3293 ut
673 3234 743 3306 dixi,
759 3235 904 3293 Sostrata:

113 3353 129 3408 3
231 3334 289 3392 Vbi
303 3338 347 3392 uis
370 3378 376 3392 .
399 3378 406 3392 .
430 3378 436 3392 .
463 3333 601 3411 (daaraf
610 3333 698 3390 haara
712 3342 797 3407 opens
811 3331 951 3406 atalently,
967 3333 1033 3388 ana'
1049 3332 1160 3391 DEMEA

552 3431 655 3488 rushes
672 3428 736 3505 aul)
763 3429 826 3503 quis
848 3448 917 3486 nam
938 3447 956 3485 a
978 3445 1025 3485 me
1047 3428 1160 3503 pepulit

553 3537 613 3585 tam
628 3528 755 3604 grauiter
769 3527 859 3584 foris?

152 3627 209 3683 ΒΕ.
236 3627 304 3702 (nat
320 3628 417 3702 seeing
436 3627 544 3702 Mreio)
565 3626 601 3683 Ei
624 3625 704 3696 mlhi,
720 3623 791 3700 quid
814 3625 941 3682 faciam?
961 3622 1032 3697 quid
1053 3625 1158 3696 agam?

557 3722 633 3804 quid
646 3725 781 3784 oiamem
792 3725 849 3781 aot
860 3719 988 3795 quoiast
