2506 3990
544 224 743 272 ADELPHOE.
1015 224 1051 287 [V
1063 237 1086 287 3,
1098 237 1169 287 4-34

243 389 443 459 Ocaelum,o
466 397 550 458 terra,
566 406 585 445 o
607 388 697 445 maria
720 388 860 463 Neptuni.
903 389 956 446 M1.
984 387 1094 466 (asida)
1113 373 1171 446 Em

563 486 633 543 tibi:
1113 503 1170 562 790

134 599 146 638 t
240 583 372 640 Rescluit
387 601 507 640 omnem
522 601 603 654 rem;
627 581 657 639 ld
672 601 750 639 nunc
766 583 874 641 clamat
888 584 1008 642 scilicet.

242 682 362 738 Paratae
391 680 455 737 lites
466 701 474 753 3
510 679 777 738 succurrendumst.
830 682 887 739 Da.
921 679 1031 758 (seeing
1057 680 1166 758 M1010)

563 763 677 835 Eccum
693 776 777 835 adest

242 875 416 934 Commdnis
432 875 597 948 corruptela
611 885 743 932 nostmm
758 875 890 933 liberum.

162 974 214 1029 Mi.
245 974 288 1047 (to
310 970 436 1048 Deum)
461 970 598 1028 Tandem
620 973 746 1047 reprime
769 972 951 1030 iracundiam
973 983 1061 1046 atque
1083 972 1122 1030 ad
1139 976 1167 1031 te

562 1068 633 1126 redi.

161 1168 218 1224 DE.
240 1166 389 1241 Repressi,
404 1164 487 1236 redii,
503 1169 587 1223 mitto
603 1165 760 1223 maledicta
774 1167 893 1238 omnia,
1113 1186 1167 1244 795

119 1279 144 1317 io
239 1265 316 1320 Rem
331 1263 426 1338 ipsam
441 1273 595 1337 putemus:
620 1262 732 1320 dictum
747 1264 805 1321 hoc
821 1265 896 1321 inter
910 1267 965 1322 nos
980 1264 1083 1321 fuit-

241 1362 286 1424 Ex
300 1371 329 1418 te
344 1359 420 1418 adeo
435 1371 479 1418 est
493 1370 590 1417 ortum
603 1392 652 1430 —,
668 1363 705 1418 ne
721 1371 752 1418 tu
767 1363 883 1418 curares
899 1379 999 1418 meum

241 1461 325 1516 Neue
341 1462 396 1534 ego
412 1460 515 1516 tuom?
534 1458 691 1533 responde.
735 1460 787 1516 Mi.
811 1460 834 1516 F
836 1469 972 1530 actumst,
987 1462 1047 1517 non
1062 1478 1148 1535 nego,

160 1557 217 1613 Da.
240 1556 323 1629 Quor
337 1559 416 1613 nime
431 1555 510 1630 apud
525 1566 554 1613 te
569 1558 673 1630 potat?
694 1574 768 1629 quor
782 1556 889 1630 recipis
904 1557 1025 1613 meum?

240 1654 323 1727 Quor
337 1654 410 1710 emis
425 1653 560 1723 amicam,
578 1654 691 1710 Micio?
712 1657 834 1727 numqui
850 1654 945 1712 minus
1109 1656 1168 1712 800

119 1766 143 1804 15
238 1750 312 1807 Mihi
327 1749 408 1808 idem
423 1751 466 1808 ius
481 1761 636 1824 aequomst
651 1753 714 1807 esse
730 1749 811 1824 quod
827 1755 972 1808 mecumst
987 1751 1061 1810 tibi?

240 1847 367 1921 Quando
383 1850 439 1923 ego
454 1857 536 1906 tuom
551 1866 610 1905 non
625 1851 705 1918 cliro,
721 1866 758 1904 ne
773 1851 843 1905 cura
857 1866 966 1906 meum.

159 1947 211 2003 Mi.
239 1946 309 2002 Non
330 1947 457 2019 aequom
479 1944 561 2002 dicis.
606 1947 663 2002 DE.
686 1946 777 2002 Non?
819 1947 872 2002 Mi.
896 1947 974 2003 Nam
995 1955 1080 2003 uetus
1102 1963 1166 2002 uer-

559 2044 630 2101 bum
645 2043 703 2100 hdc
718 2042 876 2116 quidemst,

239 2141 418 2198 Communia
432 2158 495 2198 esse
510 2144 671 2197 amicorum
686 2141 761 2197 inter
776 2159 807 2197 se
823 2141 931 2198 omnia.

158 2238 215 2294 Da.
238 2237 366 2294 Facete!
388 2256 466 2294 nunc
482 2237 602 2294 demum
617 2241 708 2294 istaec
723 2247 792 2295 nata
806 2238 935 2295 oratiost.
1106 2240 1163 2315 805

116 2350 142 2388 ao
156 2335 209 2391 M1.
231 2335 371 2391 Ausculta
385 2334 495 2408 paucis,
511 2335 565 2391 nisi
581 2335 774 2404 molestumst,
791 2336 915 2391 Demea.

238 2432 394 2506 Principio,
411 2432 434 2488 si
448 2430 479 2488 id
494 2441 523 2488 te
539 2430 663 2501 mordet,
679 2442 828 2506 sumptum
844 2432 894 2489 lllii

238 2529 335 2602 Quem
351 2529 470 2599 faciunt,
486 2546 595 2602 quaeso
611 2528 668 2585 hoc
684 2528 772 2585 facito
788 2539 886 2585 tecum
902 2529 1032 2604 cogites:

236 2627 283 2683 Tu
297 2626 360 2683 illos
376 2626 435 2683 duo
451 2627 520 2683 olim
535 2630 589 2701 pro
604 2645 634 2682 re
649 2627 771 2683 tollebas
786 2636 844 2696 tua,

238 2722 327 2797 Quod
343 2724 412 2781 satis
426 2724 551 2799 putabas
566 2727 616 2780 tua
630 2723 709 2780 bona
724 2723 868 2781 ambobus
883 2725 954 2795 sore,
1105 2726 1164 2782 810

236 2822 274 2877 Et
290 2823 337 2877 me
353 2830 415 2877 tum
430 2838 551 2878 uxorem
567 2819 718 2877 credidisti
734 2821 844 2877 scilicet

236 2919 411 2975 Ductiirum.
454 2916 580 2975 eandem
596 2917 674 2974 illam
689 2919 832 2975 rationem
849 2919 999 2992 antiquam
1015 2919 1135 2992 optine:

236 3017 397 3086 Conserua,
412 3033 529 3089 quaere,
544 3017 642 3089 parce,
658 3015 704 3072 fac
719 3033 807 3089 quam
823 3015 981 3088 pliirimum

235 3113 295 3170 Illls
310 3112 475 3186 relinquas;
497 3112 619 3187 gloriam
635 3123 665 3169 tu
681 3113 765 3170 istam
782 3114 892 3187 optine.

235 3212 314 3281 Mea,
329 3213 405 3284 quae
420 3219 536 3285 praeter
550 3228 635 3284 spem
650 3212 785 3281 euenere,
802 3213 920 3268 utantur
935 3210 1007 3268 sine.
1103 3211 1160 3287 815

115 3322 139 3362 so
233 3309 279 3365 De
295 3311 410 3365 stimma
423 3307 463 3364 nil
479 3306 625 3378 decedet,
647 3306 728 3380 quod
744 3307 811 3364 hinc
826 3307 992 3377 accesserit,

235 3404 271 3462 ld
286 3404 323 3462 de
339 3405 420 3462 lucro
435 3407 538 3479 putato
554 3422 616 3462 esse
632 3421 729 3461 omne.
772 3404 846 3461 haec
861 3408 884 3461 sl
899 3403 980 3461 uoles

235 3504 269 3559 In
284 3503 384 3560 animo
398 3520 467 3560 uere
483 3503 621 3578 cogitare,
638 3504 762 3572 Demea,

229 3602 273 3655 Et
284 3601 326 3656 mi
342 3603 373 3658 et
387 3601 440 3659 tibi
455 3611 485 3658 et
500 3600 553 3658 illis
569 3599 731 3674 dempseris
747 3598 920 3657 molestiam.

120 3688 184 3746 DE.
207 3694 402 3757 Mittdoem:
420 3698 679 3759 consuetudinem
687 3697 822 3776 ipsoilim
838 3740 845 3755 .
861 3741 868 3754 .
884 3740 891 3754 ,
907 3696 966 3753 uli.
977 3696 1088 3752 idam:
1103 3695 1162 3752 820
