2506 3990
529 260 728 310 ADELPHOE.
979 256 1034 321 [III
1049 269 1070 315 2,
1083 269 1157 318 4-21.

222 429 281 486 Tot
310 429 355 486 res
384 437 505 503 repente
535 425 755 483 circumualiant
784 442 824 496 se,
855 423 933 482 unde
959 424 1070 498 emergi
1095 427 1156 480 nen

545 534 660 599 potest:

116 638 128 676 s
220 625 271 680 Vis
286 633 400 698 egestas
415 624 554 681 iniustitia
569 620 696 681 solitudo
712 620 840 677 infamia.

224 722 343 779 Hocine
366 723 515 779 saeclum!
537 720 689 790 osc'elera,
706 736 724 775 o
739 735 848 792 genera
862 717 1009 792 sacrilega,
1025 735 1043 773 o
1059 716 1154 773 homi-

544 836 612 876 nem
628 817 750 891 inpium,

143 916 191 974 80.
227 916 331 992 (ostile,
347 918 442 991 seez'ng
456 918 550 986 Gari,
565 917 619 973 but
638 923 690 972 not
706 913 831 986 heun'ng
847 913 933 969 what
948 913 984 969 lte
1000 912 1080 986 says)
1102 914 1153 968 Me

544 1016 689 1082 miseram,
705 1009 777 1085 quid
798 1020 895 1067 uamst
910 1009 992 1083 qued
1007 1010 1048 1066 sic
1064 1009 1153 1067 uideo

543 1108 679 1167 timidum
689 1119 719 1166 et
728 1110 936 1183 properantem
946 1109 1075 1165 Getam?
1095 1127 1152 1184 305

142 1208 198 1266 Ga.
226 1209 305 1284 (still
313 1208 523 1282 solz‘loquz‘zing)
543 1206 641 1280 Quem
661 1210 757 1281 neque
779 1206 853 1265 fides
875 1225 970 1280 neque
993 1208 1035 1264 iris
1058 1207 1152 1263 iuran-

543 1303 614 1361 dum
628 1308 725 1378 neque
740 1305 821 1361 illum
836 1304 1036 1362 misericordia

221 1402 372 1476 Repressit
399 1419 495 1476 neque
524 1402 637 1460 reflexit
664 1419 760 1475 neque
789 1401 870 1477 quod
898 1404 997 1476 partus
1025 1403 1153 1459 instabet

542 1516 645 1573 prope,

220 1595 299 1668 Quoi
324 1598 445 1654 miserae
470 1595 591 1670 indigne
615 1599 668 1670 per
689 1596 749 1652 uim
773 1596 878 1652 uitium
899 1596 1051 1653 obtrilerat.
1104 1597 1152 1654 So

545 1692 656 1769 (asida)
677 1693 746 1749 Non
761 1692 899 1767 intellego

220 1791 293 1848 Satis
308 1807 383 1863 quae
404 1790 539 1865 loquitur.
581 1790 635 1849 CA.
662 1789 748 1866 (sotto
763 1808 828 1847 voce
850 1797 877 1846 lo
899 1791 1061 1863 SOSTRATA)
1082 1792 1151 1847 Prd-

541 1887 606 1961 pius
638 1887 761 1944 obsecro
794 1886 980 1958 accedamus,
1014 1888 1151 1945 Sestrata.

541 1984 598 2042 GE.
625 1984 703 2061 (still
712 1984 902 2059 solz'loqur'aer)
922 1983 968 2041 Ah

221 2082 272 2137 Me
300 2084 447 2153 miserum,
472 2082 522 2137 uix
550 2099 614 2138 sum
640 2085 764 2156 cdmpos
789 2082 887 2153 animi,
913 2082 953 2138 ita
977 2081 1067 2139 ardeo
1097 2084 1151 2139 ira-

541 2177 657 2236 cimdia.
1093 2199 1152 2254 3¹0

221 2275 270 2332 Nil
285 2278 329 2332 est
344 2274 425 2349 quod
440 2276 539 2332 malim
555 2294 643 2349 quam
664 2276 742 2333 illam
765 2285 857 2345 totam
877 2276 1016 2334 semiliam
1032 2276 1094 2335 dari
1111 2279 1151 2335 mi

541 2373 669 2443 ebuiam,

219 2471 258 2527 Vt
270 2487 325 2544 ego
340 2469 416 2526 hanc
428 2470 500 2526 iram
512 2470 604 2527 ineos
619 2472 756 2527 euomam
771 2487 900 2542 omnem,
914 2468 985 2528 dum
997 2471 1152 2546 aegritudo

540 2567 615 2623 haee
630 2569 674 2624 est
688 2584 800 2625 recens,

221 2662 312 2740 [Satis
324 2664 395 2721 mihi
406 2662 437 2720 id
448 2662 572 2721 habeam
588 2664 722 2738 supplici,
735 2662 807 2721 dum
818 2664 882 2722 illos
893 2665 1016 2722 ulciscar
1028 2664 1148 2742 modo]

219 2761 287 2819 Seni
315 2760 443 2818 enimam
468 2760 596 2834 primum
618 2763 818 2836 extinguerem
839 2761 904 2836 ipsi,
920 2763 969 2836 qui
991 2762 1061 2819 illud
1083 2781 1151 2838 pro-

539 2856 622 2914 duxit
636 2859 750 2933 scelus3

217 2955 295 3011 Tum
310 2957 409 3012 autem
424 2954 526 3029 Syrum
546 2955 745 3028 impulsorem,
761 2956 828 3027 uah,
844 2957 948 3030 quibus
971 2957 1050 3013 ilium
1074 2957 1150 3015 lace-

540 3055 641 3109 rarem
650 3051 746 3110 modis
760 3057 765 3110 i
1092 3073 1148 3130 315

219 3149 369 3206 Sublimen
384 3147 516 3206 medium
531 3152 688 3223 arriperem
706 3161 736 3208 et
757 3150 854 3224 capite
875 3151 999 3225 pre'num
1022 3152 1052 3207 in
1076 3161 1152 3209 terra

539 3249 706 3319 statuerem,
922 3254 923 3257 ’

217 3344 256 3400 Vt
271 3344 391 3401 cerebro
407 3342 555 3419 dispergat
569 3344 656 3403 uiam.

219 3430 411 3499 Adulescenti
426 3442 481 3516 ipsi
496 3442 639 3516 eriperem
655 3442 765 3512 oeulos
780 3445 848 3516 post
863 3441 936 3500 haee
957 3445 1149 3519 praecipitem

538 3538 649 3596 darem.

212 3637 339 3693 Ceteros
358 3655 475 3695 ruerem
496 3639 614 3714 agerem
636 3654 769 3713 raperem
791 3636 946 3697 tunderem
968 3649 997 3696 et
1022 3645 1148 3715 proster-

536 3755 651 3796 nerem.
