2506 3990
399 701 402 708 ·
510 667 751 727 PROLOGVS.

227 843 386 918 Postquam
400 843 490 919 poeta
504 844 593 902 sensit
607 845 781 920 scripturam
796 865 879 905 suam

225 941 271 999 Ab
286 941 391 1016 iniquis
405 941 554 1000 obseruari
569 951 599 1000 et
612 942 797 1002 aduorsitrios

226 1039 343 1113 Rapere
357 1042 388 1096 in
402 1039 534 1114 peiorem
549 1041 663 1114 partem
679 1057 768 1115 quam
784 1043 876 1099 acturi
889 1060 989 1102 sumus

225 1152 242 1187 tt
325 1153 342 1188 tt
425 1154 442 1189 ii
526 1155 543 1188 tt
626 1155 643 1190 tt
728 1157 744 1189 tit
828 1157 845 1190 tt
928 1157 945 1192 tt

226 1233 272 1291 De
287 1250 318 1291 se
332 1235 395 1308 ipse
410 1233 522 1292 indicio
536 1238 599 1305 erit,
614 1253 667 1293 uos
683 1236 762 1293 eritis
777 1235 899 1308 iudices

224 1329 338 1388 Laudin
352 1349 390 1388 an
404 1331 477 1390 uitio
492 1331 562 1390 diici
577 1331 608 1389 id
623 1333 733 1390 iactum
749 1337 894 1408 opdrteat.
1137 1354 1151 1412 5

225 1428 533 1504 Synapothnescontes
548 1429 660 1505 Diphili
675 1430 879 1504 comoediast3

226 1526 300 1583 Earn
315 1526 544 1585 Cdmmorientis
561 1528 678 1585 Plautus
693 1528 762 1584 iecit
779 1528 915 1587 fabulam.

226 1625 261 1681 In
276 1624 391 1682 Graeca
405 1623 578 1683 adulescens
594 1627 646 1695 est,
662 1625 712 1698 qui
727 1625 826 1683 lenoni
842 1625 927 1700 eripit

224 1721 412 1779 Meretricem
427 1722 457 1778 in
472 1723 567 1796 prima
581 1722 697 1794 sabula3
719 1740 787 1779 eum
804 1722 921 1779 Plautus
936 1722 1035 1781 locum

223 1819 352 1892 Reliquit
367 1819 532 1894 integrum3
552 1837 620 1876 eum
635 1818 682 1876 hic
697 1819 796 1876 iocum
813 1823 937 1894 sumpsit
951 1819 1005 1877 sibi
1120 1840 1154 1877 ιο

224 1917 259 1973 In
273 1915 436 1991 Adelphos
450 1917 574 1974 uerbum
589 1915 627 1974 de
642 1916 733 1974 uerbo
749 1934 919 1990 expressum
935 1916 1045 1974 extulit.

225 2014 299 2070 Eam
314 2018 368 2072 nds
383 2015 475 2072 acturi
490 2017 589 2072 sumus
604 2032 731 2071 nouam:
755 2013 921 2087 pemdscite

224 2111 383 2168 Furtumne
398 2113 509 2168 factum
524 2110 703 2168 existumetis
718 2111 756 2167 an
772 2110 870 2167 locum

223 2208 417 2282 Reprensum,
432 2209 482 2282 qui
497 2208 668 2282 praeteritus
682 2200 903 2282 neclegentiast.

222 2307 298 2363 Nam
314 2305 395 2380 qudd
411 2307 457 2364 isti
471 2305 575 2364 dicunt
589 2305 727 2376 maliuoli,
744 2305 879 2363 homines
893 2305 999 2364 ndbiiis
1116 2324 1148 2383 15

222 2403 314 2479 Hunc
327 2403 458 2461 adiutare
473 2402 654 2477 adsidueque
669 2421 727 2460 una
742 2403 887 2460 scribere:

223 2499 311 2573 Quod
327 2501 366 2557 iiii
382 2500 572 2558 maledictum
587 2499 748 2557 uehemens
764 2517 827 2558 esse
844 2502 1028 2570 existumant,

224 2598 297 2654 Eam
312 2597 430 2655 laudem
445 2597 493 2655 hic
508 2597 591 2674 ducit
606 2600 781 2668 mixumam
799 2613 889 2669 quom
903 2596 958 2653 illis
972 2596 1080 2670 piacet,

222 2695 281 2768 Qui
295 2695 379 2753 utibis
394 2694 537 2753 uniudrsis
553 2704 582 2752 et
597 2695 708 2768 popuii>
723 2694 849 2768 placent,

220 2792 353 2865 Quorum
368 2796 458 2867 dpera
472 2793 502 2849 in
516 2792 603 2862 belio,
619 2792 649 2848 in
664 2792 735 2862 (itio,
751 2791 781 2847 in
795 2790 915 2865 negdtio
1114 2809 1152 2850 20

221 2890 278 2947 Suo
293 2892 415 2964 quisque
432 2899 566 2964 tempore
581 2893 663 2947 usust
677 2889 739 2946 sine
755 2888 898 2962 superbia.

214 2987 337 3045 'Dehinc
352 3006 389 3046 ne
404 2989 566 3064 expectetis
581 2989 785 3062 argumentum
800 2985 934 3043 fabulae:

220 3085 308 3143 Sends
324 3087 374 3160 qui
388 3086 475 3161 primi
489 3086 617 3157 uenient,
634 3086 660 3143 ei
676 3095 790 3160 partem
805 3083 946 3158 aperient,

221 3183 256 3239 In
270 3183 386 3258 agendo
401 3194 514 3259 partem
530 3183 696 3242 ostendent.
727 3183 812 3240 facite
828 3179 1039 3255 aequanimitas

220 3299 237 3334 ἦ
320 3300 338 3333 ἦ
420 3300 438 3333 ἦ
521 3299 538 3334 ἦ
621 3300 638 3332 t}
722 3299 739 3332 ii
823 3299 839 3331 ἦ
923 3297 940 3331 {i

220 3376 328 3438 Poe'tae
343 3377 382 3437 ad
398 3376 586 3438 scribendum
602 3381 707 3453 augeat
722 3374 903 3434 industriam.
1097 3391 1147 3542 ἧς
