2506 3990
149 286 180 335 54
573 283 772 333 ADELPHOE.
847 272 850 278 '
1025 281 1097 346 [v9‚
1112 295 1199 347 15-34.

149 447 403 507 15DE.Gai1de0.
445 451 499 505 Ar.
523 449 562 505 Et
590 466 654 523 ego
697 448 743 505 Su.
766 445 875 505 Credo,
917 447 1029 504 utinam
1050 446 1109 504 hoc
1131 463 1199 520 per-

590 547 711 619 petuom
725 545 776 601 fiat
790 543 940 619 gaddium,

270 643 423 719 Phrygiam
439 653 470 700 ut
484 645 606 700 uxorem
621 661 718 699 meam
730 661 788 699 una
803 645 920 700 mecum
935 640 1054 699 uideam
1067 641 1199 700 liberam.

189 741 247 800 Du.
270 725 432 815 Optumam
453 739 574 815 quidem
597 741 757 797 mulierem.
800 740 847 798 Su.
871 741 909 796 Et
930 738 1050 813 quidem
1073 740 1124 797 tuo
1148 756 1199 796 ne-

591 837 653 912 poti
669 836 752 894 huius
768 837 837 894 iilio.

271 934 373 993 Hodie
387 935 482 1010 prima
503 937 663 991 mammam
685 932 769 990 dedit
789 933 872 991 haec.
915 935 972 991 Da.
996 933 1107 991 Hercle
1128 951 1201 991 uero

592 1032 676 1102 serio,
1141 1048 1198 1111 975

270 1128 421 1203 Siquidem
442 1129 537 1203 prima
558 1127 651 1199 dedit,
667 1126 747 1184 haud
772 1127 922 1186 dubiumst
943 1131 1013 1202 quin
1035 1126 1130 1185 emitti
1152 1145 1216 1185 ae·-

591 1229 682 1299 quom
698 1225 762 1281 siet.

149 1339 174 1377 ao
189 1325 241 1381 Mi.
270 1307 318 1382 Ob
334 1341 399 1380 eam
421 1325 504 1381 rem?
535 1324 592 1380 Da.
615 1322 664 1380 Ob
680 1340 755 1379 eam.
788 1324 1031 1397 pestremoame
1046 1323 1202 1396 argentum

592 1420 720 1493 quantist
735 1419 851 1476 sumito
934 1480 936 1484 ,

190 1518 236 1576 Su.
271 1519 310 1574 Di
325 1519 387 1589 tibi,
403 1519 526 1588 Demea,
542 1520 645 1576 omnes
660 1535 777 1591 semper
792 1517 891 1575 omnia
905 1525 1007 1590 optata
1021 1516 1154 1574 offerant.

191 1616 244 1672 M1.
270 1616 348 1690 Syre,
370 1615 538 1689 processisti
559 1614 650 1671 hodie
678 1614 809 1689 pulchre.
860 1614 917 1671 Da.
939 1611 1090 1686 Siquidem
1111 1631 1204 1688 porro

593 1711 695 1783 Micio,

269 1811 315 1866 Tu
341 1819 423 1867 tuom
451 1808 582 1866 officium
606 1808 706 1879 facies,
732 1817 819 1881 atque
845 1808 913 1865 huic
941 1805 1052 1882 aliquid
1081 1808 1203 1883 paulum

591 1908 661 1980 prae
677 1923 765 1962 manu
1144 1907 1206 1980 980

271 2003 407 2075 Dederis,
429 2002 509 2061 unde
534 2005 648 2060 utatur:
672 2000 779 2059 reddet
802 2002 854 2059 tibi
880 2002 949 2059 cito.
992 2003 1046 2059 M1.
1073 2002 1204 2078 (witha

592 2109 667 2175 srzap
681 2099 716 2173 cpi
724 2099 769 2156 tlte
775 2097 887 2173 finger)
905 2100 985 2156 Istoc
1000 2099 1094 2156 uiliuS.
1198 2162 1203 2172 Ι

149 2212 174 2252 25
188 2200 245 2256 An.
272 2199 359 2274 Frugi
373 2198 500 2256 homost.
536 2198 582 2256 Su.
595 2196 733 2254 Reddam
748 2196 856 2267 hercle,
868 2195 907 2253 da
921 2195 1022 2253 modo
1058 2197 1113 2254 ΑΕ.
1126 2186 1203 2272 Age,

591 2304 682 2369 pater.
726 2295 779 2350 Mi.
802 2295 871 2350 Post
886 2293 1047 2351 consulam.

191 2393 248 2449 Da.
271 2393 381 2449 Faciet.
423 2393 470 2450 Su.
497 2391 541 2467 (to
567 2389 951 2465 Derim)0uir(>ptun1e.
992 2391 1048 2447 An.
1075 2388 1119 2466 (to
1142 2391 1201 2448 DE·

593 2487 670 2562 Man)
690 2487 718 2545 O
734 2489 817 2561 pater
831 2487 872 2544 mi
887 2486 1090 2544 festiuissume.

191 2588 244 2645 Mu
275 2586 322 2664 (in
344 2583 572 2662 bewz'lderment)
592 2584 672 2658 Quid
698 2585 793 2642 istuc?
838 2585 881 2661 (to
903 2584 1029 2660 Duum)
1055 2601 1132 2659 quae
1157 2602 1201 2642 res

512 2701 515 2703 ·
592 2685 653 2738 tem
668 2691 789 2756 repente
805 2686 902 2740 mores
917 2685 1040 2739 mutauit
1055 2682 1144 2739 tuos?

271 2779 362 2853 Quod
375 2779 563 2854 prolubium?
577 2781 652 2852 quae
668 2779 759 2837 istaec
774 2778 897 2837 subitast
910 2779 1047 2854 largitas?
1075 2779 1133 2836 DE.
1149 2777 1201 2835 Di-

591 2878 657 2932 cim
672 2876 743 2934 tibi:
1143 2877 1199 2951 985

269 2959 309 3032 Vt
330 2973 361 3031 id
383 2972 581 3044 ostenderem,
598 2972 679 3047 quod
701 2982 730 3030 te
752 2972 799 3031 isti
820 2972 936 3030 fenilem
951 2981 983 3030 et
996 2971 1134 3030 iestiuom
1148 2990 1201 3047 pu-

592 3078 663 3141 tant,

150 3183 175 3224 m
274 3154 310 3226 id
324 3186 385 3226 non
398 3168 460 3226 fieri
476 3186 512 3226 ex
526 3170 596 3225 uera
610 3168 671 3225 uita
685 3169 781 3241 neque
796 3165 873 3224 adeo
888 3184 925 3224 ex
939 3184 1035 3241 aequo
1050 3168 1080 3224 et
1094 3166 1185 3237 bono,

270 3265 329 3325 Sed
344 3284 380 3323 ex
395 3264 588 3336 adsentando
603 3262 785 3339 indulgendo
801 3272 830 3320 et
844 3261 1005 3338 largiendo,
1021 3264 1123 3321 Micio

275 3366 318 3441 (to
332 3363 515 3439 Arscnmvs)
536 3364 624 3420 Nunc
647 3360 723 3419 adeo
747 3362 770 3419 si
793 3362 832 3420 ob
855 3363 921 3418 eam
944 3378 1006 3419 rem
1029 3361 1114 3420 uobis
1134 3363 1203 3418 mea

591 3461 651 3517 uita
665 3461 767 3531 inuisa,
782 3459 938 3532 Aeschine,
954 3468 1006 3531 est,

271 3559 348 3633 Quia
375 3577 436 3617 non
463 3559 538 3616 iusta
566 3558 672 3615 iniusta
699 3576 817 3635 prorsus
845 3556 945 3617 emnia
967 3556 1089 3615 omnino
1115 3555 1201 3614 obse-

613 3675 677 3728 uor,
1183 3671 1203 3710 o

239 3751 338 3811 Missa
349 3755 454 3816 facio:
481 3675 655 3831 ecfrindite,
673 3755 778 3828 emite,
790 3752 881 3813 'iac'ue
897 3748 982 3824 quod
991 3673 1186 3804 uouisiuuii.
