<?xml version="1.0" encoding="UTF-8"?>
<!DOCTYPE html PUBLIC "-//W3C//DTD XHTML 1.0 Transitional//EN"
    "http://www.w3.org/TR/xhtml1/DTD/xhtml1-transitional.dtd">
<html xmlns="http://www.w3.org/1999/xhtml" xml:lang="en" lang="en">
 <head>
  <title>
</title>
<meta http-equiv="Content-Type" content="text/html;charset=utf-8" />
  <meta name='ocr-system' content='tesseract 3.04.00' />
  <meta name='ocr-capabilities' content='ocr_page ocr_carea ocr_par ocr_line ocrx_word'/>
</head>
<body>
  <div class='ocr_page' id='page_1' title='image "./pterentiafriade00teregoog_0058.png"; bbox 0 0 2506 3990; ppageno 0'>
   <div class='ocr_carea' id='block_1_1' title="bbox 58 272 1113 339">
    <p class='ocr_par' dir='ltr' id='par_1_1' title="bbox 58 272 1113 339">
     <span class='ocr_line' id='line_1_1' title="bbox 58 272 1113 339; baseline -0.001 -15"><span class='ocrx_word' id='word_1_1' title='bbox 58 275 85 324; x_wconf 92' lang='lat' dir='ltr'>V</span> <span class='ocrx_word' id='word_1_2' title='bbox 98 275 121 335; x_wconf 84' lang='lat'><strong>8,</strong></span> <span class='ocrx_word' id='word_1_3' title='bbox 135 274 227 339; x_wconf 83' lang='lat'><strong>28-35;</strong></span> <span class='ocrx_word' id='word_1_4' title='bbox 244 274 363 338; x_wconf 86' lang='lat'><em>9‚1-14.]</em></span> <span class='ocrx_word' id='word_1_5' title='bbox 486 272 687 322; x_wconf 83' lang='lat' dir='ltr'><strong>ADELPHOE.</strong></span> <span class='ocrx_word' id='word_1_6' title='bbox 1083 273 1113 323; x_wconf 83' lang='lat'><strong>53</strong></span> 
     </span>
    </p>
   </div>
   <div class='ocr_carea' id='block_1_2' title="bbox 56 435 1171 3806">
    <p class='ocr_par' dir='ltr' id='par_1_2' title="bbox 56 435 1171 3806">
     <span class='ocr_line' id='line_1_2' title="bbox 187 435 1114 512; baseline -0.001 -17"><span class='ocrx_word' id='word_1_7' title='bbox 187 440 339 496; x_wconf 76' lang='lat' dir='ltr'><strong>Postremo</strong></span> <span class='ocrx_word' id='word_1_8' title='bbox 355 455 415 494; x_wconf 93' lang='lat' dir='ltr'><strong>non</strong></span> <span class='ocrx_word' id='word_1_9' title='bbox 430 455 529 494; x_wconf 89' lang='lat' dir='ltr'><strong>meum</strong></span> <span class='ocrx_word' id='word_1_10' title='bbox 544 435 615 494; x_wconf 82' lang='lat' dir='ltr'><strong>illud</strong></span> <span class='ocrx_word' id='word_1_11' title='bbox 630 438 752 495; x_wconf 90' lang='lat' dir='ltr'><strong>uerbum</strong></span> <span class='ocrx_word' id='word_1_12' title='bbox 768 437 853 508; x_wconf 88' lang='lat' dir='ltr'><strong>faci0,</strong></span> <span class='ocrx_word' id='word_1_13' title='bbox 866 436 948 512; x_wconf 94' lang='lat' dir='ltr'><strong>quod</strong></span> <span class='ocrx_word' id='word_1_14' title='bbox 959 446 999 508; x_wconf 91' lang='lat' dir='ltr'><strong>tu,</strong></span> <span class='ocrx_word' id='word_1_15' title='bbox 1012 439 1114 508; x_wconf 79' lang='lat' dir='ltr'><strong>Micio,</strong></span> 
     </span>
     <span class='ocr_line' id='line_1_3' title="bbox 188 533 1114 609; baseline 0.001 -17"><span class='ocrx_word' id='word_1_16' title='bbox 188 537 268 592; x_wconf 87' lang='lat' dir='ltr'><strong>Bene</strong></span> <span class='ocrx_word' id='word_1_17' title='bbox 284 538 314 592; x_wconf 77' lang='lat' dir='ltr'><strong>et</strong></span> <span class='ocrx_word' id='word_1_18' title='bbox 329 536 476 609; x_wconf 83' lang='lat' dir='ltr'><strong>sapienter</strong></span> <span class='ocrx_word' id='word_1_19' title='bbox 490 534 562 591; x_wconf 86' lang='lat' dir='ltr'><strong>dixti</strong></span> <span class='ocrx_word' id='word_1_20' title='bbox 578 533 709 591; x_wconf 92' lang='lat' dir='ltr'><strong>dudum:</strong></span> <span class='ocrx_word' id='word_1_21' title='bbox 734 535 846 591; x_wconf 86' lang='lat' dir='ltr'><strong>‘uitium</strong></span> <span class='ocrx_word' id='word_1_22' title='bbox 870 553 1028 592; x_wconf 88' lang='lat' dir='ltr'><strong>commune</strong></span> <span class='ocrx_word' id='word_1_23' title='bbox 1051 538 1114 593; x_wconf 84' lang='lat' dir='ltr'><strong>om·</strong></span> 
     </span>
     <span class='ocr_line' id='line_1_4' title="bbox 508 633 624 702; baseline -0.009 -13"><span class='ocrx_word' id='word_1_24' title='bbox 508 633 624 702; x_wconf 70' lang='lat' dir='ltr'><strong>niumst</strong></span> 
     </span>
     <span class='ocr_line' id='line_1_5' title="bbox 63 728 1115 805; baseline 0.001 -19"><span class='ocrx_word' id='word_1_25' title='bbox 63 747 90 786; x_wconf 79' lang='lat' dir='ltr'><strong>so</strong></span> <span class='ocrx_word' id='word_1_26' title='bbox 186 730 277 805; x_wconf 90' lang='lat' dir='ltr'><strong>Quod</strong></span> <span class='ocrx_word' id='word_1_27' title='bbox 297 731 420 788; x_wconf 86' lang='lat' dir='ltr'><strong>nimium</strong></span> <span class='ocrx_word' id='word_1_28' title='bbox 440 728 479 787; x_wconf 90' lang='lat' dir='ltr'><strong>ad</strong></span> <span class='ocrx_word' id='word_1_29' title='bbox 500 748 562 787; x_wconf 88' lang='lat' dir='ltr'><strong>rem</strong></span> <span class='ocrx_word' id='word_1_30' title='bbox 579 731 607 786; x_wconf 93' lang='lat' dir='ltr'><strong>in</strong></span> <span class='ocrx_word' id='word_1_31' title='bbox 623 732 741 787; x_wconf 76' lang='lat' dir='ltr'><strong>senecta</strong></span> <span class='ocrx_word' id='word_1_32' title='bbox 758 730 861 787; x_wconf 87' lang='lat' dir='ltr'><strong>attenti</strong></span> <span class='ocrx_word' id='word_1_33' title='bbox 879 732 996 788; x_wconf 82' lang='lat' dir='ltr'><strong>sumus&#39;.</strong></span> <span class='ocrx_word' id='word_1_34' title='bbox 1040 730 1115 788; x_wconf 81' lang='lat' dir='ltr'><strong>hanc</strong></span> 
     </span>
     <span class='ocr_line' id='line_1_6' title="bbox 509 825 827 884; baseline 0.003 -1"><span class='ocrx_word' id='word_1_35' title='bbox 509 828 655 884; x_wconf 81' lang='lat' dir='ltr'><strong>maculam</strong></span> <span class='ocrx_word' id='word_1_36' title='bbox 670 830 724 884; x_wconf 81' lang='lat' dir='ltr'><strong>nos</strong></span> <span class='ocrx_word' id='word_1_37' title='bbox 740 825 827 884; x_wconf 90' lang='lat' dir='ltr'><strong>decet</strong></span> 
     </span>
     <span class='ocr_line' id='line_1_7' title="bbox 189 924 1114 999; baseline 0 -17"><span class='ocrx_word' id='word_1_38' title='bbox 189 925 334 999; x_wconf 83' lang='lat' dir='ltr'><strong>chugere</strong></span> <span class='ocrx_word' id='word_1_39' title='bbox 346 946 354 997; x_wconf 84' lang='lat'>;</span> <span class='ocrx_word' id='word_1_40' title='bbox 387 935 417 982; x_wconf 94' lang='lat' dir='ltr'><strong>et</strong></span> <span class='ocrx_word' id='word_1_41' title='bbox 441 924 580 982; x_wconf 84' lang='lat' dir='ltr'><strong>dictumst</strong></span> <span class='ocrx_word' id='word_1_42' title='bbox 607 927 676 981; x_wconf 76' lang='lat' dir='ltr'><strong>uere</strong></span> <span class='ocrx_word' id='word_1_43' title='bbox 702 934 731 980; x_wconf 92' lang='lat' dir='ltr'><strong>et</strong></span> <span class='ocrx_word' id='word_1_44' title='bbox 755 942 786 981; x_wconf 92' lang='lat' dir='ltr'><strong>re</strong></span> <span class='ocrx_word' id='word_1_45' title='bbox 811 924 875 998; x_wconf 90' lang='lat' dir='ltr'><strong>ipsa</strong></span> <span class='ocrx_word' id='word_1_46' title='bbox 899 925 962 982; x_wconf 88' lang='lat' dir='ltr'><strong>fieri</strong></span> <span class='ocrx_word' id='word_1_47' title='bbox 988 935 1114 999; x_wconf 89' lang='lat' dir='ltr'><strong>oportet.</strong></span> 
     </span>
     <span class='ocr_line' id='line_1_8' title="bbox 510 1023 1171 1100; baseline -0.003 -22"><span class='ocrx_word' id='word_1_48' title='bbox 510 1024 564 1078; x_wconf 82' lang='grc' dir='ltr'><strong>ΑΕ.</strong></span> <span class='ocrx_word' id='word_1_49' title='bbox 588 1023 631 1078; x_wconf 86' lang='lat' dir='ltr'><strong>Mi</strong></span> <span class='ocrx_word' id='word_1_50' title='bbox 647 1031 738 1095; x_wconf 87' lang='lat' dir='ltr'><strong>pater.</strong></span> <span class='ocrx_word' id='word_1_51' title='bbox 1057 1040 1113 1098; x_wconf 82' lang='lat'><strong>955</strong></span> <span class='ocrx_word' id='word_1_52' title='bbox 1167 1092 1171 1100; x_wconf 24' lang='lat'>⁸</span> 
     </span>
     <span class='ocr_line' id='line_1_9' title="bbox 107 1117 1115 1193; baseline -0.002 -16"><span class='ocrx_word' id='word_1_53' title='bbox 107 1121 161 1177; x_wconf 84' lang='lat' dir='ltr'><strong>Ml.</strong></span> <span class='ocrx_word' id='word_1_54' title='bbox 188 1119 268 1193; x_wconf 83' lang='lat' dir='ltr'><strong>Quid</strong></span> <span class='ocrx_word' id='word_1_55' title='bbox 297 1121 383 1177; x_wconf 86' lang='lat' dir='ltr'><strong>istic?</strong></span> <span class='ocrx_word' id='word_1_56' title='bbox 437 1118 553 1176; x_wconf 91' lang='lat' dir='ltr'><strong>dabitur</strong></span> <span class='ocrx_word' id='word_1_57' title='bbox 582 1117 825 1192; x_wconf 75' lang='lat' dir='ltr'><strong>quandoquidem</strong></span> <span class='ocrx_word' id='word_1_58' title='bbox 854 1118 902 1174; x_wconf 95' lang='lat' dir='ltr'><strong>hic</strong></span> <span class='ocrx_word' id='word_1_59' title='bbox 934 1119 1005 1175; x_wconf 81' lang='lat' dir='ltr'><strong>uolt.</strong></span> <span class='ocrx_word' id='word_1_60' title='bbox 1061 1120 1115 1176; x_wconf 82' lang='grc' dir='ltr'><strong>ΑΕ.</strong></span> 
     </span>
     <span class='ocr_line' id='line_1_10' title="bbox 509 1215 824 1274; baseline -0.006 0"><span class='ocrx_word' id='word_1_61' title='bbox 509 1215 635 1274; x_wconf 82' lang='lat' dir='ltr'><strong>Gaudeo</strong></span> <span class='ocrx_word' id='word_1_62' title='bbox 650 1223 724 1269; x_wconf 76' lang='grc'><strong>--’</strong></span> <span class='ocrx_word' id='word_1_63' title='bbox 740 1241 764 1269; x_wconf 72' lang='lat' dir='ltr'><strong>o</strong></span> <span class='ocrx_word' id='word_1_64' title='bbox 779 1260 824 1272; x_wconf 87' lang='grc'><strong>-.</strong></span> 
     </span>
     <span class='ocr_line' id='line_1_11' title="bbox 107 1313 1115 1388; baseline -0.002 -16"><span class='ocrx_word' id='word_1_65' title='bbox 107 1316 165 1372; x_wconf 79' lang='lat' dir='ltr'><strong>Da.</strong></span> <span class='ocrx_word' id='word_1_66' title='bbox 176 1324 248 1364; x_wconf 66' lang='lat' dir='ltr'><strong>-L</strong></span> <span class='ocrx_word' id='word_1_67' title='bbox 259 1340 283 1368; x_wconf 72' lang='grc' dir='ltr'><strong>υ</strong></span> <span class='ocrx_word' id='word_1_68' title='bbox 301 1332 379 1371; x_wconf 88' lang='lat' dir='ltr'><strong>nnnc</strong></span> <span class='ocrx_word' id='word_1_69' title='bbox 395 1323 425 1371; x_wconf 93' lang='lat' dir='ltr'><strong>tu</strong></span> <span class='ocrx_word' id='word_1_70' title='bbox 437 1314 478 1370; x_wconf 91' lang='lat' dir='ltr'><strong>mi</strong></span> <span class='ocrx_word' id='word_1_71' title='bbox 489 1316 519 1370; x_wconf 75' lang='lat' dir='ltr'><strong>es</strong></span> <span class='ocrx_word' id='word_1_72' title='bbox 531 1331 686 1388; x_wconf 87' lang='lat' dir='ltr'><strong>germanus</strong></span> <span class='ocrx_word' id='word_1_73' title='bbox 702 1314 810 1388; x_wconf 80' lang='lat' dir='ltr'><strong>pariter</strong></span> <span class='ocrx_word' id='word_1_74' title='bbox 823 1313 922 1370; x_wconf 88' lang='lat' dir='ltr'><strong>animo</strong></span> <span class='ocrx_word' id='word_1_75' title='bbox 937 1322 967 1369; x_wconf 90' lang='lat' dir='ltr'><strong>et</strong></span> <span class='ocrx_word' id='word_1_76' title='bbox 981 1317 1115 1388; x_wconf 83' lang='lat' dir='ltr'><strong>corpore.</strong></span> 
     </span>
     <span class='ocr_line' id='line_1_12' title="bbox 64 1409 1117 1489; baseline -0.001 -22"><span class='ocrx_word' id='word_1_77' title='bbox 64 1413 92 1467; x_wconf 93' lang='lat' dir='ltr'>V</span> <span class='ocrx_word' id='word_1_78' title='bbox 107 1427 132 1466; x_wconf 82' lang='lat'><strong>35</strong></span> <span class='ocrx_word' id='word_1_79' title='bbox 192 1411 303 1489; x_wconf 73' lang='lat' dir='ltr'><strong>(aride)</strong></span> <span class='ocrx_word' id='word_1_80' title='bbox 330 1412 388 1469; x_wconf 80' lang='lat' dir='ltr'><strong>Suo</strong></span> <span class='ocrx_word' id='word_1_81' title='bbox 410 1411 465 1468; x_wconf 91' lang='lat' dir='ltr'><strong>sibi</strong></span> <span class='ocrx_word' id='word_1_82' title='bbox 492 1409 589 1485; x_wconf 87' lang='lat' dir='ltr'><strong>gladio</strong></span> <span class='ocrx_word' id='word_1_83' title='bbox 621 1411 697 1466; x_wconf 84' lang='lat' dir='ltr'><strong>hunc</strong></span> <span class='ocrx_word' id='word_1_84' title='bbox 727 1410 939 1485; x_wconf 77' lang='lat' dir='ltr'><strong>iugulo—Su.</strong></span> <span class='ocrx_word' id='word_1_85' title='bbox 971 1411 1117 1486; x_wconf 77' lang='lat' dir='ltr'><strong>(catering</strong></span> 
     </span>
     <span class='ocr_line' id='line_1_13' title="bbox 65 1507 1116 1584; baseline 0 -19"><span class='ocrx_word' id='word_1_86' title='bbox 65 1529 83 1584; x_wconf 94' lang='lat'>9</span> <span class='ocrx_word' id='word_1_87' title='bbox 498 1507 583 1581; x_wconf 80' lang='lat' dir='ltr'><strong>from</strong></span> <span class='ocrx_word' id='word_1_88' title='bbox 604 1510 722 1566; x_wconf 72' lang='lat' dir='ltr'><strong>Mlcro’s</strong></span> <span class='ocrx_word' id='word_1_89' title='bbox 738 1508 841 1582; x_wconf 82' lang='lat' dir='ltr'><strong>house)</strong></span> <span class='ocrx_word' id='word_1_90' title='bbox 862 1508 1013 1565; x_wconf 84' lang='lat' dir='ltr'><strong>Factumst</strong></span> <span class='ocrx_word' id='word_1_91' title='bbox 1034 1507 1116 1582; x_wconf 86' lang='lat' dir='ltr'><strong>qudd</strong></span> 
     </span>
     <span class='ocr_line' id='line_1_14' title="bbox 509 1605 1099 1675; baseline 0.01 -14"><span class='ocrx_word' id='word_1_92' title='bbox 509 1605 624 1675; x_wconf 87' lang='lat' dir='ltr'><strong>iussisti,</strong></span> <span class='ocrx_word' id='word_1_93' title='bbox 642 1607 766 1663; x_wconf 75' lang='lat' dir='ltr'><strong>Demea.</strong></span> <span class='ocrx_word' id='word_1_94' title='bbox 1096 1660 1099 1667; x_wconf 95' lang='lat'>.</span> 
     </span>
     <span class='ocr_line' id='line_1_15' title="bbox 107 1701 1115 1779; baseline -0.004 -17"><span class='ocrx_word' id='word_1_95' title='bbox 107 1704 164 1762; x_wconf 76' lang='lat' dir='ltr'><strong>Da.</strong></span> <span class='ocrx_word' id='word_1_96' title='bbox 188 1704 275 1779; x_wconf 81' lang='lat' dir='ltr'><strong>Frugi</strong></span> <span class='ocrx_word' id='word_1_97' title='bbox 287 1704 377 1761; x_wconf 90' lang='lat' dir='ltr'><strong>homo</strong></span> <span class='ocrx_word' id='word_1_98' title='bbox 389 1722 429 1760; x_wconf 92' lang='lat' dir='ltr'><strong>es.</strong></span> <span class='ocrx_word' id='word_1_99' title='bbox 452 1721 521 1778; x_wconf 87' lang='lat' dir='ltr'><strong>ergo</strong></span> <span class='ocrx_word' id='word_1_100' title='bbox 533 1701 642 1777; x_wconf 76' lang='lat' dir='ltr'><strong>edepol</strong></span> <span class='ocrx_word' id='word_1_101' title='bbox 653 1701 742 1760; x_wconf 90' lang='lat' dir='ltr'><strong>hodie</strong></span> <span class='ocrx_word' id='word_1_102' title='bbox 755 1705 821 1759; x_wconf 75' lang='lat' dir='ltr'><strong>mea</strong></span> <span class='ocrx_word' id='word_1_103' title='bbox 832 1701 952 1776; x_wconf 90' lang='lat' dir='ltr'><strong>quidem</strong></span> <span class='ocrx_word' id='word_1_104' title='bbox 962 1702 1115 1759; x_wconf 78' lang='lat' dir='ltr'><strong>sententia.</strong></span> 
     </span>
     <span class='ocr_line' id='line_1_16' title="bbox 187 1799 1116 1874; baseline -0.003 -17"><span class='ocrx_word' id='word_1_105' title='bbox 187 1799 293 1857; x_wconf 82' lang='lat' dir='ltr'><strong>Iudico</strong></span> <span class='ocrx_word' id='word_1_106' title='bbox 318 1801 420 1874; x_wconf 87' lang='lat' dir='ltr'><strong>Syrum</strong></span> <span class='ocrx_word' id='word_1_107' title='bbox 441 1800 503 1857; x_wconf 83' lang='lat' dir='ltr'><strong>fieri</strong></span> <span class='ocrx_word' id='word_1_108' title='bbox 525 1818 588 1857; x_wconf 90' lang='lat' dir='ltr'><strong>esse</strong></span> <span class='ocrx_word' id='word_1_109' title='bbox 611 1817 739 1874; x_wconf 88' lang='lat' dir='ltr'><strong>aequom</strong></span> <span class='ocrx_word' id='word_1_110' title='bbox 758 1800 890 1857; x_wconf 86' lang='lat' dir='ltr'><strong>liberum.</strong></span> <span class='ocrx_word' id='word_1_111' title='bbox 939 1800 991 1856; x_wconf 82' lang='lat' dir='ltr'><strong>Mi.</strong></span> <span class='ocrx_word' id='word_1_112' title='bbox 1015 1800 1116 1855; x_wconf 91' lang='lat' dir='ltr'><strong>Istunc</strong></span> 
     </span>
     <span class='ocr_line' id='line_1_17' title="bbox 506 1896 1116 1970; baseline -0.002 -17"><span class='ocrx_word' id='word_1_113' title='bbox 506 1896 652 1955; x_wconf 84' lang='lat' dir='ltr'><strong>liberum?</strong></span> <span class='ocrx_word' id='word_1_114' title='bbox 1058 1899 1116 1970; x_wconf 79' lang='lat'><strong>960</strong></span> 
     </span>
     <span class='ocr_line' id='line_1_18' title="bbox 187 1977 1117 2068; baseline -0.002 -17"><span class='ocrx_word' id='word_1_115' title='bbox 187 1993 277 2068; x_wconf 79' lang='lat' dir='ltr'><strong>Quod</strong></span> <span class='ocrx_word' id='word_1_116' title='bbox 306 2012 374 2050; x_wconf 86' lang='lat' dir='ltr'><strong>nam</strong></span> <span class='ocrx_word' id='word_1_117' title='bbox 403 1994 442 2051; x_wconf 93' lang='lat' dir='ltr'><strong>ob</strong></span> <span class='ocrx_word' id='word_1_118' title='bbox 471 1994 601 2051; x_wconf 87' lang='lat' dir='ltr'><strong>sactum?</strong></span> <span class='ocrx_word' id='word_1_119' title='bbox 653 1995 710 2050; x_wconf 78' lang='lat' dir='ltr'><strong>Da.</strong></span> <span class='ocrx_word' id='word_1_120' title='bbox 734 1977 854 2050; x_wconf 48' lang='lat' dir='ltr'><strong>Multas</strong></span> <span class='ocrx_word' id='word_1_121' title='bbox 893 1994 939 2050; x_wconf 76' lang='lat' dir='ltr'><strong>Su.</strong></span> <span class='ocrx_word' id='word_1_122' title='bbox 962 1993 990 2050; x_wconf 94' lang='lat' dir='ltr'>O</span> <span class='ocrx_word' id='word_1_123' title='bbox 1018 2003 1117 2050; x_wconf 91' lang='lat' dir='ltr'><strong>noster</strong></span> 
     </span>
     <span class='ocr_line' id='line_1_19' title="bbox 508 2089 941 2164; baseline -0.005 -16"><span class='ocrx_word' id='word_1_124' title='bbox 508 2092 632 2161; x_wconf 77' lang='lat' dir='ltr'><strong>Demea,</strong></span> <span class='ocrx_word' id='word_1_125' title='bbox 648 2089 756 2164; x_wconf 85' lang='lat' dir='ltr'><strong>edepol</strong></span> <span class='ocrx_word' id='word_1_126' title='bbox 771 2094 815 2147; x_wconf 82' lang='lat' dir='ltr'><strong>uir</strong></span> <span class='ocrx_word' id='word_1_127' title='bbox 828 2090 941 2148; x_wconf 93' lang='lat' dir='ltr'><strong>bonu’s.</strong></span> 
     </span>
     <span class='ocr_line' id='line_1_20' title="bbox 56 2172 1059 2264; baseline 0.003 -22"><span class='ocrx_word' id='word_1_128' title='bbox 56 2172 59 2179; x_wconf 44' lang='lat'><em>¹</em></span> <span class='ocrx_word' id='word_1_129' title='bbox 76 2204 89 2242; x_wconf 77' lang='lat' dir='ltr'><strong>o</strong></span> <span class='ocrx_word' id='word_1_130' title='bbox 188 2173 252 2264; x_wconf 77' lang='lat' dir='ltr'><strong>Ego</strong></span> <span class='ocrx_word' id='word_1_131' title='bbox 267 2189 338 2246; x_wconf 90' lang='lat' dir='ltr'><strong>istos</strong></span> <span class='ocrx_word' id='word_1_132' title='bbox 354 2188 437 2245; x_wconf 86' lang='lat' dir='ltr'><strong>uobis</strong></span> <span class='ocrx_word' id='word_1_133' title='bbox 452 2190 544 2261; x_wconf 83' lang='lat' dir='ltr'><strong>usque</strong></span> <span class='ocrx_word' id='word_1_134' title='bbox 560 2206 578 2244; x_wconf 88' lang='lat' dir='ltr'><strong>a</strong></span> <span class='ocrx_word' id='word_1_135' title='bbox 592 2189 688 2262; x_wconf 88' lang='lat' dir='ltr'><strong>pueris</strong></span> <span class='ocrx_word' id='word_1_136' title='bbox 704 2188 803 2244; x_wconf 83' lang='lat' dir='ltr'><strong>curaui</strong></span> <span class='ocrx_word' id='word_1_137' title='bbox 819 2188 922 2245; x_wconf 90' lang='lat' dir='ltr'><strong>ambos</strong></span> <span class='ocrx_word' id='word_1_138' title='bbox 937 2187 1059 2245; x_wconf 77' lang='lat' dir='ltr'><strong>sedulo:</strong></span> 
     </span>
     <span class='ocr_line' id='line_1_21' title="bbox 187 2285 1115 2359; baseline -0.002 -15"><span class='ocrx_word' id='word_1_139' title='bbox 187 2285 293 2355; x_wconf 71' lang='lat' dir='ltr'><strong>Domi,</strong></span> <span class='ocrx_word' id='word_1_140' title='bbox 310 2286 419 2355; x_wconf 91' lang='lat' dir='ltr'><strong>monui,</strong></span> <span class='ocrx_word' id='word_1_141' title='bbox 435 2286 512 2343; x_wconf 79' lang='lat' dir='ltr'><strong>bene</strong></span> <span class='ocrx_word' id='word_1_142' title='bbox 527 2285 664 2359; x_wconf 86' lang='lat' dir='ltr'><strong>praecepi</strong></span> <span class='ocrx_word' id='word_1_143' title='bbox 681 2287 798 2359; x_wconf 77' lang='lat' dir='ltr'><strong>semper</strong></span> <span class='ocrx_word' id='word_1_144' title='bbox 813 2302 887 2358; x_wconf 89' lang='lat' dir='ltr'><strong>quae</strong></span> <span class='ocrx_word' id='word_1_145' title='bbox 910 2285 992 2358; x_wconf 86' lang='lat' dir='ltr'><strong>potui</strong></span> <span class='ocrx_word' id='word_1_146' title='bbox 1008 2285 1115 2342; x_wconf 81' lang='lat' dir='ltr'><strong>omnia.</strong></span> 
     </span>
     <span class='ocr_line' id='line_1_22' title="bbox 105 2380 1115 2457; baseline -0.002 -17"><span class='ocrx_word' id='word_1_147' title='bbox 105 2383 163 2441; x_wconf 78' lang='lat' dir='ltr'><strong>DE.</strong></span> <span class='ocrx_word' id='word_1_148' title='bbox 186 2383 246 2440; x_wconf 77' lang='lat' dir='ltr'><strong>Res</strong></span> <span class='ocrx_word' id='word_1_149' title='bbox 258 2393 389 2457; x_wconf 81' lang='lat' dir='ltr'><strong>apparet.</strong></span> <span class='ocrx_word' id='word_1_150' title='bbox 432 2382 595 2456; x_wconf 78' lang='lat' dir='ltr'><strong>etquidem</strong></span> <span class='ocrx_word' id='word_1_151' title='bbox 609 2400 697 2457; x_wconf 79' lang='lat' dir='ltr'><strong>porro</strong></span> <span class='ocrx_word' id='word_1_152' title='bbox 712 2383 795 2453; x_wconf 89' lang='lat' dir='ltr'><strong>haec,</strong></span> <span class='ocrx_word' id='word_1_153' title='bbox 808 2382 951 2440; x_wconf 71' lang='lat' dir='ltr'><strong>Obsonare</strong></span> <span class='ocrx_word' id='word_1_154' title='bbox 967 2384 1035 2438; x_wconf 82' lang='lat' dir='ltr'><strong>cum</strong></span> <span class='ocrx_word' id='word_1_155' title='bbox 1047 2380 1115 2452; x_wconf 87' lang='lat' dir='ltr'><strong>fide,</strong></span> 
     </span>
     <span class='ocr_line' id='line_1_23' title="bbox 187 2478 1113 2555; baseline -0.003 -16"><span class='ocrx_word' id='word_1_156' title='bbox 187 2481 320 2539; x_wconf 83' lang='lat' dir='ltr'><strong>Scortum</strong></span> <span class='ocrx_word' id='word_1_157' title='bbox 337 2478 495 2551; x_wconf 84' lang='lat' dir='ltr'><strong>adducere,</strong></span> <span class='ocrx_word' id='word_1_158' title='bbox 511 2479 652 2554; x_wconf 77' lang='lat' dir='ltr'><strong>adparare</strong></span> <span class='ocrx_word' id='word_1_159' title='bbox 668 2478 706 2537; x_wconf 77' lang='lat' dir='ltr'><strong>de</strong></span> <span class='ocrx_word' id='word_1_160' title='bbox 722 2479 771 2536; x_wconf 91' lang='lat' dir='ltr'><strong>die</strong></span> <span class='ocrx_word' id='word_1_161' title='bbox 786 2479 973 2536; x_wconf 84' lang='lat' dir='ltr'><strong>conuiuium:</strong></span> <span class='ocrx_word' id='word_1_162' title='bbox 1058 2482 1113 2555; x_wconf 85' lang='lat'><strong>965</strong></span> 
     </span>
     <span class='ocr_line' id='line_1_24' title="bbox 186 2563 1111 2652; baseline -0.002 -18"><span class='ocrx_word' id='word_1_163' title='bbox 186 2578 256 2635; x_wconf 81' lang='lat' dir='ltr'><strong>Non</strong></span> <span class='ocrx_word' id='word_1_164' title='bbox 271 2577 428 2635; x_wconf 86' lang='lat' dir='ltr'><strong>mediocris</strong></span> <span class='ocrx_word' id='word_1_165' title='bbox 447 2563 574 2635; x_wconf 82' lang='lat' dir='ltr'><strong>hominis</strong></span> <span class='ocrx_word' id='word_1_166' title='bbox 596 2577 669 2634; x_wconf 90' lang='lat' dir='ltr'><strong>haec</strong></span> <span class='ocrx_word' id='word_1_167' title='bbox 691 2587 758 2634; x_wconf 90' lang='lat' dir='ltr'><strong>sunt</strong></span> <span class='ocrx_word' id='word_1_168' title='bbox 779 2576 885 2634; x_wconf 80' lang='lat' dir='ltr'><strong>officia.</strong></span> <span class='ocrx_word' id='word_1_169' title='bbox 928 2577 973 2634; x_wconf 79' lang='lat' dir='ltr'><strong>Su.</strong></span> <span class='ocrx_word' id='word_1_170' title='bbox 1001 2577 1111 2652; x_wconf 74' lang='lat' dir='ltr'><strong>(aeide)</strong></span> 
     </span>
     <span class='ocr_line' id='line_1_25' title="bbox 507 2673 794 2748; baseline -0.003 -17"><span class='ocrx_word' id='word_1_171' title='bbox 507 2674 535 2732; x_wconf 94' lang='lat' dir='ltr'>O</span> <span class='ocrx_word' id='word_1_172' title='bbox 549 2673 682 2748; x_wconf 80' lang='lat' dir='ltr'><strong>lepidum</strong></span> <span class='ocrx_word' id='word_1_173' title='bbox 697 2685 794 2748; x_wconf 86' lang='lat' dir='ltr'><strong>caput.</strong></span> 
     </span>
     <span class='ocr_line' id='line_1_26' title="bbox 64 2768 1105 2846; baseline 0.002 -21"><span class='ocrx_word' id='word_1_174' title='bbox 64 2787 89 2825; x_wconf 85' lang='lat' dir='ltr'><strong>ro</strong></span> <span class='ocrx_word' id='word_1_175' title='bbox 104 2772 161 2829; x_wconf 75' lang='lat' dir='ltr'><strong>DE.</strong></span> <span class='ocrx_word' id='word_1_176' title='bbox 186 2772 339 2829; x_wconf 83' lang='lat' dir='ltr'><strong>Postremo</strong></span> <span class='ocrx_word' id='word_1_177' title='bbox 354 2770 443 2829; x_wconf 90' lang='lat' dir='ltr'><strong>hodie</strong></span> <span class='ocrx_word' id='word_1_178' title='bbox 458 2772 488 2828; x_wconf 92' lang='lat' dir='ltr'><strong>in</strong></span> <span class='ocrx_word' id='word_1_179' title='bbox 503 2772 621 2846; x_wconf 77' lang='lat' dir='ltr'><strong>psaltria</strong></span> <span class='ocrx_word' id='word_1_180' title='bbox 636 2771 692 2828; x_wconf 91' lang='lat' dir='ltr'><strong>hac</strong></span> <span class='ocrx_word' id='word_1_181' title='bbox 707 2769 837 2828; x_wconf 81' lang='lat' dir='ltr'><strong>emunda</strong></span> <span class='ocrx_word' id='word_1_182' title='bbox 851 2770 899 2827; x_wconf 91' lang='lat' dir='ltr'><strong>hic</strong></span> <span class='ocrx_word' id='word_1_183' title='bbox 913 2768 1030 2828; x_wconf 83' lang='lat' dir='ltr'><strong>adiutor</strong></span> <span class='ocrx_word' id='word_1_184' title='bbox 1044 2770 1105 2840; x_wconf 82' lang='lat' dir='ltr'><strong>fuit,</strong></span> 
     </span>
     <span class='ocr_line' id='line_1_27' title="bbox 187 2867 1074 2943; baseline -0.002 -17"><span class='ocrx_word' id='word_1_185' title='bbox 187 2871 245 2926; x_wconf 84' lang='lat' dir='ltr'><strong>Hic</strong></span> <span class='ocrx_word' id='word_1_186' title='bbox 262 2869 392 2925; x_wconf 85' lang='lat' dir='ltr'><strong>curauit:</strong></span> <span class='ocrx_word' id='word_1_187' title='bbox 415 2867 556 2942; x_wconf 81' lang='lat' dir='ltr'><strong>prodesse</strong></span> <span class='ocrx_word' id='word_1_188' title='bbox 571 2876 745 2943; x_wconf 81' lang='lat' dir='ltr'><strong>aequomst3</strong></span> <span class='ocrx_word' id='word_1_189' title='bbox 768 2868 815 2926; x_wconf 72' lang='lat' dir='ltr'><strong>alii</strong></span> <span class='ocrx_word' id='word_1_190' title='bbox 831 2868 966 2925; x_wconf 75' lang='lat' dir='ltr'><strong>meliores</strong></span> <span class='ocrx_word' id='word_1_191' title='bbox 982 2876 1074 2925; x_wconf 87' lang='lat' dir='ltr'><strong>erunt.</strong></span> 
     </span>
     <span class='ocr_line' id='line_1_28' title="bbox 187 2958 1115 3042; baseline -0.001 -18"><span class='ocrx_word' id='word_1_192' title='bbox 187 2958 324 3040; x_wconf 78' lang='lat' dir='ltr'><strong>Denique</strong></span> <span class='ocrx_word' id='word_1_193' title='bbox 350 2967 501 3042; x_wconf 77' lang='lat' dir='ltr'><strong>(pointing</strong></span> <span class='ocrx_word' id='word_1_194' title='bbox 524 2974 551 3023; x_wconf 84' lang='lat' dir='ltr'><strong>te</strong></span> <span class='ocrx_word' id='word_1_195' title='bbox 576 2964 761 3041; x_wconf 77' lang='lat' dir='ltr'><strong>Auscuruvs)</strong></span> <span class='ocrx_word' id='word_1_196' title='bbox 781 2966 829 3023; x_wconf 92' lang='lat' dir='ltr'><strong>hic</strong></span> <span class='ocrx_word' id='word_1_197' title='bbox 857 2965 919 3022; x_wconf 92' lang='lat' dir='ltr'><strong>uolt</strong></span> <span class='ocrx_word' id='word_1_198' title='bbox 942 2965 1013 3022; x_wconf 78' lang='lat' dir='ltr'><strong>fieri.</strong></span> <span class='ocrx_word' id='word_1_199' title='bbox 1063 2966 1115 3023; x_wconf 91' lang='lat' dir='ltr'><strong>M1.</strong></span> 
     </span>
     <span class='ocr_line' id='line_1_29' title="bbox 506 3062 1115 3137; baseline 0.005 -20"><span class='ocrx_word' id='word_1_200' title='bbox 506 3063 564 3118; x_wconf 90' lang='lat' dir='ltr'><strong>Vin</strong></span> <span class='ocrx_word' id='word_1_201' title='bbox 586 3073 617 3119; x_wconf 95' lang='lat' dir='ltr'><strong>tu</strong></span> <span class='ocrx_word' id='word_1_202' title='bbox 632 3062 690 3120; x_wconf 88' lang='lat' dir='ltr'><strong>hoc</strong></span> <span class='ocrx_word' id='word_1_203' title='bbox 711 3063 794 3120; x_wconf 84' lang='lat' dir='ltr'><strong>fieri?</strong></span> <span class='ocrx_word' id='word_1_204' title='bbox 835 3065 889 3119; x_wconf 81' lang='lat' dir='ltr'><strong>Aa.</strong></span> <span class='ocrx_word' id='word_1_205' title='bbox 912 3062 1019 3137; x_wconf 91' lang='lat' dir='ltr'><strong>Cupio.</strong></span> <span class='ocrx_word' id='word_1_206' title='bbox 1062 3064 1115 3120; x_wconf 92' lang='lat' dir='ltr'><strong>M1.</strong></span> 
     </span>
     <span class='ocr_line' id='line_1_30' title="bbox 507 3158 672 3233; baseline -0.006 -16"><span class='ocrx_word' id='word_1_207' title='bbox 507 3160 536 3217; x_wconf 85' lang='lat' dir='ltr'><strong>Si</strong></span> <span class='ocrx_word' id='word_1_208' title='bbox 550 3158 672 3233; x_wconf 84' lang='lat' dir='ltr'><strong>quidem</strong></span> 
     </span>
     <span class='ocr_line' id='line_1_31' title="bbox 184 3254 1114 3334; baseline 0 -20"><span class='ocrx_word' id='word_1_209' title='bbox 184 3257 231 3315; x_wconf 82' lang='lat' dir='ltr'><strong>Tu</strong></span> <span class='ocrx_word' id='word_1_210' title='bbox 246 3256 299 3328; x_wconf 89' lang='lat' dir='ltr'><strong>uis,</strong></span> <span class='ocrx_word' id='word_1_211' title='bbox 320 3256 421 3334; x_wconf 76' lang='lat' dir='ltr'><strong>(mens</strong></span> <span class='ocrx_word' id='word_1_212' title='bbox 436 3264 462 3314; x_wconf 83' lang='lat' dir='ltr'><strong>te</strong></span> <span class='ocrx_word' id='word_1_213' title='bbox 480 3256 588 3330; x_wconf 80' lang='lat' dir='ltr'><strong>Sunvs)</strong></span> <span class='ocrx_word' id='word_1_214' title='bbox 609 3257 687 3330; x_wconf 86' lang='lat' dir='ltr'><strong>Syre,</strong></span> <span class='ocrx_word' id='word_1_215' title='bbox 703 3255 760 3313; x_wconf 91' lang='lat' dir='ltr'><strong>eho</strong></span> <span class='ocrx_word' id='word_1_216' title='bbox 782 3254 893 3313; x_wconf 75' lang='lat' dir='ltr'><strong>accede</strong></span> <span class='ocrx_word' id='word_1_217' title='bbox 908 3256 966 3313; x_wconf 90' lang='lat' dir='ltr'><strong>huc</strong></span> <span class='ocrx_word' id='word_1_218' title='bbox 988 3255 1027 3313; x_wconf 87' lang='lat' dir='ltr'><strong>ad</strong></span> <span class='ocrx_word' id='word_1_219' title='bbox 1048 3275 1114 3314; x_wconf 88' lang='lat' dir='ltr'><strong>me:</strong></span> 
     </span>
     <span class='ocr_line' id='line_1_32' title="bbox 507 3352 1115 3431; baseline -0.003 -19"><span class='ocrx_word' id='word_1_220' title='bbox 507 3352 1115 3431; x_wconf 72' lang='lat' dir='ltr'><strong>(SYRvsebeys,andaceremenyefmanu-</strong></span> 
     </span>
     <span class='ocr_line' id='line_1_33' title="bbox 508 3449 1116 3526; baseline 0.003 -19"><span class='ocrx_word' id='word_1_221' title='bbox 508 3452 628 3508; x_wconf 67' lang='lat' dir='ltr'><strong>messian</strong></span> <span class='ocrx_word' id='word_1_222' title='bbox 643 3451 668 3508; x_wconf 83' lang='lat' dir='ltr'><strong>e&#39;s</strong></span> <span class='ocrx_word' id='word_1_223' title='bbox 677 3449 854 3526; x_wconf 79' lang='lat' dir='ltr'><strong>performed,</strong></span> <span class='ocrx_word' id='word_1_224' title='bbox 867 3452 974 3526; x_wconf 82' lang='lat' dir='ltr'><strong>ending</strong></span> <span class='ocrx_word' id='word_1_225' title='bbox 985 3453 1057 3509; x_wconf 74' lang='lat' dir='ltr'><strong>wita</strong></span> <span class='ocrx_word' id='word_1_226' title='bbox 1070 3453 1116 3509; x_wconf 74' lang='lat' dir='ltr'><strong>tlte</strong></span> 
     </span>
     <span class='ocr_line' id='line_1_34' title="bbox 507 3548 1114 3626; baseline 0.002 -20"><span class='ocrx_word' id='word_1_227' title='bbox 507 3548 621 3624; x_wconf 79' lang='lat' dir='ltr'><strong>words)</strong></span> <span class='ocrx_word' id='word_1_228' title='bbox 634 3549 707 3607; x_wconf 82' lang='lat' dir='ltr'><strong>liber</strong></span> <span class='ocrx_word' id='word_1_229' title='bbox 718 3558 790 3607; x_wconf 74' lang='lat' dir='ltr'><strong>esto,</strong></span> <span class='ocrx_word' id='word_1_230' title='bbox 813 3550 860 3608; x_wconf 83' lang='lat' dir='ltr'><strong>Su.</strong></span> <span class='ocrx_word' id='word_1_231' title='bbox 870 3551 950 3610; x_wconf 72' lang='lat' dir='ltr'><strong>Bene</strong></span> <span class='ocrx_word' id='word_1_232' title='bbox 962 3550 1043 3607; x_wconf 86' lang='lat' dir='ltr'><strong>facis.</strong></span> <span class='ocrx_word' id='word_1_233' title='bbox 1056 3567 1114 3626; x_wconf 85' lang='lat'><strong>970</strong></span> 
     </span>
     <span class='ocr_line' id='line_1_35' title="bbox 185 3630 1124 3722; baseline -0.005 -16"><span class='ocrx_word' id='word_1_234' title='bbox 185 3630 331 3706; x_wconf 81' lang='lat' dir='ltr'><strong>Omnibus</strong></span> <span class='ocrx_word' id='word_1_235' title='bbox 358 3645 481 3722; x_wconf 85' lang='lat' dir='ltr'><strong>gratiam</strong></span> <span class='ocrx_word' id='word_1_236' title='bbox 509 3646 615 3717; x_wconf 65' lang='lat' dir='ltr'><strong>habeo</strong></span> <span class='ocrx_word' id='word_1_237' title='bbox 644 3654 674 3703; x_wconf 88' lang='lat' dir='ltr'><strong>et</strong></span> <span class='ocrx_word' id='word_1_238' title='bbox 708 3663 840 3705; x_wconf 88' lang='lat' dir='ltr'><strong>seorsum</strong></span> <span class='ocrx_word' id='word_1_239' title='bbox 867 3647 923 3706; x_wconf 80' lang='lat' dir='ltr'><strong>tihi</strong></span> <span class='ocrx_word' id='word_1_240' title='bbox 955 3655 1124 3720; x_wconf 57' lang='lat' dir='ltr'><strong>praeterea„</strong></span> 
     </span>
     <span class='ocr_line' id='line_1_36' title="bbox 508 3745 640 3806; baseline 0.008 -1"><span class='ocrx_word' id='word_1_241' title='bbox 508 3745 640 3806; x_wconf 74' lang='lat' dir='ltr'><strong>Demea.</strong></span> 
     </span>
    </p>
   </div>
   <div class='ocr_carea' id='block_1_3' title="bbox 0 0 1265 3990">
    <p class='ocr_par' dir='ltr' id='par_1_3' title="bbox 0 0 1265 3990">
     <span class='ocr_line' id='line_1_37' title="bbox 0 0 1265 3990; baseline 0 0"><span class='ocrx_word' id='word_1_242' title='bbox 0 0 1265 3990; x_wconf 95' lang='lat' dir='ltr'><strong> </strong></span> 
     </span>
    </p>
   </div>
  </div>
 </body>
</html>
