2506 3990
512 118 711 168 Anntrflon.
761 179 763 183 ¹
946 117 1139 182 [1112,39-56.

207 285 254 340 An
278 283 336 341 hoc
361 282 571 358 proferendum
597 283 649 341 tibi
673 282 791 341 uidetur
815 284 960 356 nsquam?
1009 283 1065 341 Gn.
1095 282 1140 339 Mi

529 379 650 454 quidem
666 384 727 438 non
741 381 847 454 placet.

210 480 274 536 Iam
293 483 419 554 primum
439 479 520 537 illum
540 480 636 537 alieno
658 480 757 538 Animo
778 498 796 536 3
816 480 901 537 nobis
923 482 987 537 esse
1009 496 1054 536 res
1075 479 1141 553 ipsa

529 576 650 634 indicat.

209 674 296 730 Nunc
311 674 335 730 si
349 674 407 732 hbe
421 675 519 748 palam
534 675 716 749 proferimus,
731 674 779 731 iiie
800 674 906 731 infitias
921 674 983 744 ibit,
999 675 1043 731 set
1057 673 1138 730 scio:

206 771 272 827 Tua
295 771 373 828 fama
398 781 428 828 et
451 779 556 846 gnatae
580 775 640 828 uita
664 772 695 828 in
719 771 842 829 dubium
870 772 978 829 ueniet.
1028 780 1091 828 tum
1116 771 1139 828 si

529 872 665 925 maxume
1081 885 1140 942 340

209 966 353 1036 Fateatur,
369 983 460 1039 quom
474 976 554 1023 amet
568 966 664 1037 tiliam,
680 976 799 1023 nonest
820 966 890 1038 titile
906 966 982 1022 hanc
996 965 1035 1022 iili
1051 963 1123 1022 dari.

208 1062 396 1137 Quapropter
415 1080 535 1136 quoquo
560 1067 649 1137 pecto
671 1063 788 1120 tacitost
810 1066 893 1137 (rpus.
941 1063 988 1121 80.
1016 1062 1064 1118 Ah
1085 1062 1138 1119 mi-

528 1178 616 1217 nume
632 1161 781 1235 gentium:

209 1257 279 1313 Non
303 1256 418 1314 ficiam.
471 1258 527 1316 Gn.
557 1257 638 1331 Quid
664 1260 753 1333 ages?
805 1257 852 1315 So,
883 1257 1040 1315 Proferam.
1084 1248 1138 1315 CA.

531 1357 621 1425 Hem,
638 1373 704 1412 mea
725 1355 862 1424 Scistrata,
878 1353 947 1412 uide
966 1357 1055 1428 quim
1076 1371 1140 1411 rem
1242 1416 1247 1425 ,

529 1470 607 1526 agas.

169 1592 174 1604 .
208 1549 311 1605 Peiore
333 1566 378 1605 res
398 1548 466 1605 loct)
490 1565 551 1606 non
573 1549 650 1622 potis
671 1558 716 1606 est
741 1551 804 1606 esse
826 1567 915 1622 quam
936 1549 967 1604 in
986 1566 1045 1622 quo
1060 1551 1139 1605 nnnc

530 1646 621 1703 sitast.

208 1742 336 1799 Primum
351 1741 529 1814 indotatast3
552 1747 614 1800 tiirn
630 1753 789 1817 praeterea,
802 1745 877 1816 quae
894 1741 1025 1800 secunda
1039 1743 1066 1800 ei
1081 1741 1136 1801 des

529 1849 599 1910 erat,
1080 1858 1135 1916 345

208 1937 312 1994 Periit:
336 1954 390 2011 pro
411 1937 521 2012 uirgine
543 1936 605 1994 dari
625 1948 750 2011 nuptum
767 1942 827 1996 non
846 1946 953 2011 potest.
996 1936 1053 1994 hoc
1073 1937 1137 1995 reli-

529 2043 662 2092 cuomst:

206 2131 235 2188 Si
250 2131 359 2188 infitias
374 2131 436 2200 ibit,
454 2132 534 2188 testis
550 2150 667 2188 mecum
682 2141 726 2188 est
741 2132 842 2189 anulus
858 2149 945 2205 quent
961 2134 1105 2188 amiserat.

208 2229 361 2284 Postremo
383 2227 502 2300 quando
524 2246 579 2302 ego
602 2229 721 2286 conscia
742 2227 814 2284 mihi
836 2246 909 2298 sum,
925 2230 942 2284 3
957 2246 1003 2284 me
1018 2218 1137 2304 culpani

528 2343 591 2382 esse
607 2325 683 2382 hinc
698 2326 810 2399 procul,

208 2422 313 2495 Neque
337 2422 463 2495 pretium
483 2439 579 2495 neque
605 2440 667 2479 rem
689 2421 777 2478 ullam
800 2422 996 2479 intercessisse
1019 2422 1067 2479 1113
1087 2431 1138 2480 aut

529 2536 576 2575 me
591 2517 752 2593 indignam,
768 2520 855 2589 Geta,

207 2616 355 2689 Experiar.
399 2617 455 2673 Gn.
485 2615 566 2688 Quid
580 2615 667 2673 istic?
688 2615 774 2687 ced0,
790 2626 821 2673 ut
844 2617 945 2673 meiius
962 2614 1045 2673 dicis.
1088 2615 1136 2674 80.

526 2713 573 2769 Tu
587 2717 730 2786 quantrim
744 2724 851 2788 potest,
1078 2730 1137 2788 350

206 2809 263 2880 Abi
285 2818 372 2882 atque
396 2809 527 2884 Hegioni
542 2812 670 2884 cognato
692 2809 776 2868 huius
791 2829 853 2868 rem
867 2813 1000 2868 enarrato
1015 2798 1137 2867 ornnem

528 2905 632 2964 Ordine
643 2928 651 2979 3

206 3003 284 3059 Nam
319 3003 343 3060 is
378 3007 478 3061 n6str0
510 3004 621 3062 Simulo
651 3005 705 3062 fuit
736 3022 866 3062 suminus
898 3007 928 3061 et
959 3021 1012 3061 nos
1046 3004 1137 3062 coluit

525 3104 672 3158 mtxume.

82 3213 107 3250 ss
125 3197 181 3255 Gn.
204 3197 282 3253 Nam
297 3196 395 3254 hercle
411 3198 482 3255 tilius
496 3215 585 3255 nemo
601 3198 720 3272 respicit
730 3216 794 3256 nos.
834 3197 952 3273 (Exit.)
992 3198 1040 3256 So.
1064 3199 1129 3256 Ρῐό-

525 3313 594 3370 pere
608 3305 649 3366 tu,
665 3313 732 3353 mea
746 3295 903 3365 Canthara,

204 3391 304 3462 Curre,
321 3392 510 3450 Obstetricem
524 3396 652 3464 accerse,
665 3403 697 3450 ut
711 3410 802 3467 quom
817 3410 891 3468 opus
907 3393 943 3450 sit
957 3410 994 3449 ne
1009 3396 1037 3448 in
1054 3410 1134 3451 mora

525 3490 611 3548 nobis
626 3490 689 3548 siet.
968 3489 1130 3564 (Excunl.)
