2506 3990
143 287 166 331 2,
182 273 287 337 22—38.]
522 273 714 323 ADELPHOE
1117 276 1148 328 23

217 436 276 497 Sed
297 434 381 497 cesso
404 454 484 496 eram
505 437 563 496 hoc
586 439 664 495 malo
686 439 817 512 inpertiri
837 442 984 515 prepete?
1029 440 1148 519 (Moues

540 537 669 593 towards
684 537 859 594 Sosrmm‘s
873 537 987 613 house.)
1029 539 1077 597 Su.
1104 541 1149 615 (to

540 633 722 708 Cmrrusuu)
772 636 969 694 Reuocemus.
1043 635 1149 714 (calls)

540 733 626 790 Geta.
659 732 716 790 GE,
743 733 812 807 (not
823 733 939 807 looking
950 753 987 790 or
998 734 1143 809 sapping)

541 831 632 900 Hem,
1090 850 1149 907 320

221 926 360 1001 Quisquis
385 944 425 997 es,
448 927 510 984 sine
536 944 592 984 me.
646 928 694 985 So,
725 911 790 1017 1}ng
815 946 879 984 sum
904 929 1041 986 Sostrata.
1092 930 1148 988 GE.

545 1023 696 1101 (turning)
715 1025 773 1081 Vbi
789 1026 871 1081 east?
904 1024 1015 1101 (sect'ng
1032 1024 1100 1100 lter)
1120 1036 1148 1083 te

540 1122 634 1195 ipsam
650 1123 792 1194 quaerit0,

218 1218 263 1274 Te
285 1220 443 1292 exspect03
465 1217 577 1293 oppido
593 1222 760 1292 opportune
776 1229 804 1276 te
820 1219 950 1276 obtulisti
965 1219 1005 1276 mi
1020 1220 1148 1277 Obuiam.

96 1329 122 1369 25
226 1316 303 1390 (goes
323 1334 370 1385 on,
386 1317 516 1390 pantz'ng
526 1315 583 1387 for
602 1316 719 1388 breatlr)
749 1302 861 1373 Era-
902 1317 950 1374 So,
980 1316 1060 1389 Quid
1086 1318 1150 1374 est?

540 1412 612 1485 quid
636 1413 786 1487 trepidus?
836 1414 892 1470 GE.
921 1413 958 1470 Ei
983 1414 1042 1470 mi!
1095 1414 1149 1472 CA.

541 1509 622 1582 Quid
637 1510 765 1580 festinas,
781 1513 821 1567 mi
836 1511 933 1568 Geta?

219 1595 359 1663 Animam
397 1607 505 1679 recipe.
561 1607 617 1664 GE.
654 1609 822 1680 prersus—
872 1608 920 1665 So.
957 1607 1038 1680 Quid
1076 1608 1150 1665 istuc

539 1706 675 1777 ‘prersus’
692 1706 810 1779 ergost?
851 1704 907 1762 GE.
930 1705 1079 1778 periimus.

125 1872 128 1877 .
220 1788 366 1856 Actumst.
419 1801 466 1858 Su.
498 1801 652 1873 Eloquere,
680 1801 804 1859 ebsecro
833 1810 870 1871 tc,
896 1801 965 1875 quid
983 1801 1052 1874 fit?
1093 1803 1149 1861 GE.

541 1899 656 1953 iam-
686 1902 733 1955 Su.
764 1897 843 1970 Quid
860 1899 948 1968 ‘iem’‚
965 1899 1062 1956 Geta?
1091 1918 1146 1975 3²5

139 1994 196 2052 GE.
217 1994 431 2051 Aeschinus-
472 1995 519 2052 Su.
549 1993 630 2066 Quid
652 1995 675 2051 is
697 1996 788 2068 ergo?
830 1997 886 2052 Ga.
915 1996 1026 2051 alienus
1047 1998 1091 2052 est
1112 1997 1150 2054 ab

540 2100 640 2148 nostra
655 2091 772 2149 familia.
815 2093 862 2150 So.
893 2094 983 2162 Hem,

221 2188 304 2245 Perii.
347 2189 477 2261 quare?
518 2188 574 2246 Ga.
603 2190 711 2246 Amare
733 2188 850 2262 occepit
873 2189 968 2245 aliam.
1012 2190 1059 2247 So,
1087 2192 1150 2247 Vae

541 2285 664 2342 miserae
680 2285 762 2342 mihi.

96 2399 121 2437 30
139 2383 195 2440 GE.
219 2383 324 2455 Neque
340 2380 370 2438 id
385 2382 500 2439 occulte
516 2381 578 2450 sert,
595 2382 633 2439 ab
648 2382 754 2439 lenone
770 2385 848 2456 ipsus
864 2383 968 2457 eripuit
983 2383 1090 2456 palam.

139 2481 186 2538 SO.
220 2480 317 2537 Setine
332 2478 390 2536 hoc
411 2480 572 2535 certumst?
614 2479 669 2536 Ga.
699 2480 830 2537 Certum.
873 2480 953 2537 hisce
975 2481 1066 2537 oculis
1081 2482 1150 2554 ego·

542 2585 602 2632 met
617 2575 688 2642 uidi,
704 2576 840 2633 Sestrata.
883 2577 931 2634 So,
973 2576 1020 2632 Ah

220 2674 271 2731 Me
286 2676 431 2730 miseram.
460 2672 529 2746 quid
553 2673 611 2728 iam
632 2672 757 2729 credas?
778 2682 827 2729 aut
848 2674 917 2746 quoi
939 2672 1062 2731 credas?
1083 2693 1150 2732 uos-

542 2782 656 2826 trumne
672 2770 852 2827 Aeschinum
867 2773 872 2826 !
1092 2790 1151 2846 330

201 2869 360 2948 'Nostram
383 2868 473 2924 uitam
498 2868 629 2924 omnium
656 2870 685 2924 in
708 2885 768 2941 quo
789 2876 905 2924 nostrae
927 2870 994 2942 spes
1019 2886 1150 2943 opesque

541 2967 645 3022 omnes
661 2964 733 3020 sitae

220 3063 330 3118 Erant!
353 3061 485 3135 quisine
507 3060 563 3116 hac
585 3061 697 3117 iurabat
719 3079 749 3117 se
772 3079 863 3117 unum
881 3064 1043 3135 numquam
1058 3063 1150 3118 uictu-

542 3162 605 3214 rum
621 3157 721 3214 diem!
859 3223 862 3229 ¹

98 3271 122 3309 as
221 3256 279 3329 Qui
294 3274 324 3312 se
341 3259 369 3311 in
384 3256 428 3311 sui
442 3255 554 3329 gremio
570 3255 732 3328 positurum
748 3258 870 3328 puerum
887 3254 1007 3313 dicebat
1021 3256 1130 3330 patris!

221 3354 266 3410 Ita
281 3354 509 3422 ebsecraturum,
525 3356 557 3409 ut
571 3352 672 3409 liceret
688 3351 763 3408 hanc
780 3371 810 3409 se
825 3371 946 3410 uxorem
961 3352 1069 3410 ducere
1084 3356 1090 3410 1

139 3453 196 3509 Ga.
219 3452 287 3522 Era,
302 3450 444 3508 lacrumas
466 3450 549 3507 mitte
570 3467 606 3505 ac
627 3449 725 3523 petius
741 3449 822 3522 quod
843 3450 882 3508 ad
903 3451 980 3508 hanc
999 3469 1061 3508 rem
1077 3455 1150 3524 epus

541 3557 586 3604 est
600 3564 687 3619 porro
703 3549 858 3622 prospice:
1093 3567 1147 3624 335

221 3647 405 3703 Patiamurne
430 3663 468 3702 an
492 3649 641 3703 narremus
667 3647 839 3721 quoipiam?
894 3647 950 3704 Cu.
980 3649 1026 3702 Au
1049 3647 1158 3712 ammi

543 3744 652 3817 homo,
665 3748 768 3804 summ
780 3745 832 3802 esi
