2506 3990
150 252 182 302 28
575 253 775 302 ADELPHOE.
892 252 946 317 [III
960 266 982 316 3,
997 266 1088 317 79-92;
1109 253 1204 315 4‚1-8.

190 418 236 475 Sv.
267 418 314 474 Tu
335 419 382 474 riis
403 416 472 473 hinc
497 416 574 475 ibis?
615 418 672 500 Da.
696 418 800 474 Recta.
843 418 889 476 Si.
910 421 997 493 (sotto
1017 436 1091 488 voce,
1111 437 1146 474 as
1166 419 1203 476 lte

72 592 74 597 ,
585 533 652 588 goes
666 514 726 590 off)
747 515 825 572 Nam
841 515 912 588 quid
928 525 959 573 tu
973 515 1021 572 hic
1036 533 1113 590 agas,

147 627 173 666 ao
265 612 323 670 Vbi
338 611 433 685 siquid
448 612 524 670 bene
539 613 710 687 praecipias,
726 630 815 670 nemo
830 613 1037 687 obtemperet?
1084 613 1202 689 (Exit.)

189 710 245 767 DE.
272 709 463 785 (soliloquizes
484 729 519 767 as
539 710 575 766 hc
596 711 691 784 begins
714 718 742 766 to
765 729 848 768 move.
865 710 924 785 off)
952 712 1016 786 Ego
1039 713 1108 768 uero
1131 711 1201 768 hinc

588 808 672 879 abe0,
693 807 813 881 quando
836 809 867 879 is,
888 826 977 882 quam
999 808 1120 865 obrem
1142 808 1200 865 huc

588 907 739 974 ueneram,
1139 923 1196 982 435

267 1006 329 1062 Rus
343 1003 423 1062 abiit.
452 1003 533 1060 illum
548 1006 619 1059 ciro
634 1020 734 1073 unum,
750 1002 798 1060 ille
813 1002 851 1059 ad
867 1020 914 1059 me
930 1002 1054 1074 attinet3
1107 1005 1108 1008 ’

267 1101 395 1175 Quando
410 1104 450 1158 ita
463 1100 525 1159 uolt
540 1100 635 1170 frater,
651 1099 689 1157 de
705 1103 779 1157 istoc
793 1100 856 1174 ipse
871 1098 988 1157 uiderit.

270 1200 381 1277 (seeing
400 1200 501 1256 HEGIO
521 1218 545 1255 r.
560 1199 592 1255 in
615 1199 693 1254 read
700 1197 785 1270 from
808 1196 1027 1272 marka-place)
1052 1195 1110 1254 Sed
1134 1200 1198 1270 quis

586 1295 645 1352 illic
660 1305 713 1366 est,
729 1313 818 1369 quem
837 1293 926 1353 uideo
948 1295 1072 1369 procul?
1114 1303 1197 1351 estne

587 1393 688 1467 Hegio

200 1484 201 1487 '
263 1491 389 1549 Tribalis
403 1491 523 1548 noster?
564 1492 587 1546 si
602 1491 670 1547 satis
686 1507 785 1560 cerno,
801 1490 824 1546 is
840 1498 884 1546 est
899 1489 1014 1546 hercle:
1038 1488 1104 1560 uah,

267 1589 369 1645 Homo
385 1591 495 1644 amicus
510 1586 594 1644 nobis
609 1587 667 1643 iam
684 1586 751 1644 inde
767 1605 784 1643 a
799 1604 899 1660 puero.
942 1584 973 1642 di
987 1585 1067 1656 boni,
1136 1604 1197 1657 44⁰

266 1687 313 1743 Ne
328 1686 401 1742 illius
418 1684 499 1742 modi
514 1685 572 1753 iam
588 1687 694 1758 magna
708 1685 793 1742 nobis
808 1684 917 1741 ciuium

266 1783 416 1840 Penariast
431 1785 551 1856 antiqua
564 1782 670 1839 uirtute
686 1784 720 1839 ac
736 1781 804 1838 fide.

177 1936 179 1940 ,
266 1880 357 1937 Haud
372 1882 432 1937 cito
447 1879 516 1937 mali
531 1879 603 1954 quid
619 1883 714 1937 Ortum
730 1897 766 1936 ex
781 1878 839 1936 hoe
854 1878 891 1936 sit
905 1877 1033 1952 pablice.

264 1978 362 2051 Quam
376 1976 511 2053 gaideol
554 1977 604 2035 ubi
618 1977 707 2035 etiam
723 1977 806 2063 hi1ius
821 1976 934 2051 generis
950 1975 1085 2049 reliquias

265 2077 387 2134 Restare
401 2075 500 2147 uideo,
515 2078 614 2133 uiuere
629 2076 718 2133 etiam
733 2077 811 2132 minc
827 2075 915 2131 lubet.
967 2110 968 2116 1
1135 2090 1192 2148 445

265 2172 411 2247 Opperiar
424 2173 575 2231 hominem
591 2172 647 2242 hie,
663 2174 695 2230 tit
710 2172 833 2229 salutem
846 2180 875 2228 et
890 2171 1059 2244 conloquar.

173 2435 272 2492 Enter
285 2436 386 2492 Haclo
401 2436 467 2491 and
482 2435 576 2505 GETA,
593 2434 712 2507 talking,
727 2434 855 2490 without
872 2433 1024 2504 absmn'ng
1037 2432 1158 2489 DEMEA.

305 2600 542 2670 HEG10,DEMEA
562 2599 671 2672 (Satias
685 2597 733 2671 11).
777 2597 861 2654 GaTA
881 2594 1037 2672 (Saavos).

495 2693 681 2772 [PAMPHILA]
702 2693 842 2770 (Viaco).

144 2836 322 2907 niniam
337 2848 367 2906 di
383 2849 559 2918 inmortales,
575 2848 686 2905 facinus
700 2845 864 2921 indignam,
880 2846 965 2916 Geta,

163 2967 181 3018 4
265 2944 355 3019 Quod
369 2945 486 3003 narras!
521 2946 577 3004 GE.
593 2945 640 3002 Sic
652 2955 696 3002 est
712 2945 830 3001 sactum.
866 2944 926 3000 Hs.
943 2943 989 2999 Ex
1003 2943 1071 2998 illan
1086 2941 1196 3000 familia

262 3045 338 3101 Tam
353 3043 501 3101 inliberale
517 3043 627 3100 facinus
642 3060 706 3100 esse
722 3044 838 3099 ortum!
859 3059 878 3098 ο
892 3040 1048 3109 Aeschine,

264 3141 317 3199 Pol
338 3139 418 3198 haiid
439 3151 594 3214 paternum
616 3141 690 3197 istic
712 3137 828 3197 dedisti.
879 3139 936 3195 DE.
970 3135 1195 3213 (asideyvide-

583 3238 652 3295 licet
1135 3252 1196 3310 450

263 3337 310 3393 De
325 3335 443 3410 psaltria
457 3335 512 3392 hac
527 3334 658 3406 audiuit5
680 3333 711 3391 id
726 3334 765 3390 illi
780 3336 858 3390 minc
874 3332 955 3390 dolet

264 3433 377 3503 Alieno,
393 3443 476 3508 pater
490 3433 552 3490 eius
567 3433 617 3489 nili
632 3431 745 3506 pendit.
788 3433 815 3487 ei
831 3429 911 3500 mihi,

263 3532 382 3589 Vtinam
397 3532 444 3589 hic
459 3549 552 3606 prope
567 3530 645 3588 adsit
660 3529 766 3587 alicubi
782 3538 870 3602 atque
885 3527 959 3584 haec
974 3525 1085 3583 aidiat.

174 3629 237 3682 Ha.
265 3628 457 3703 (aanffnm'ng
471 3636 499 3687 to
517 3628 617 3702 Gaia)
638 3628 702 3685 Nisi
726 3626 834 3684 facient
848 3643 923 3700 quae
945 3625 1008 3682 iilos
1030 3626 1195 3696 aequomst,

585 3723 668 3786 haud
682 3726 727 3786 sie
741 3723 884 3784 aiiieient.
