2506 3990
128 230 161 279 40
554 229 752 278 annuenda.
888 291 890 294 Α
992 228 1078 294 [1v5‚
1092 228 1179 294 2855·

174 397 227 452 Mr.
251 393 332 468 Quid
348 393 425 451 illim
440 393 469 450 ni
484 392 634 451 abducat?
674 395 728 450 ΑΕ.
751 393 876 450 Fectum
890 410 907 449 a
921 392 1006 451 uobis
1020 390 1133 450 duriter

251 490 574 566 Inrnisericorditerque
590 500 677 565 atque
693 490 791 560 etiam,
808 491 831 547 si
846 492 900 561 est,
915 500 1007 564 pater,

129 607 154 645 au
249 589 419 647 Dicendum
434 591 525 664 magis
540 592 650 664 aperte,
666 589 862 646 inliberaliter.

173 689 227 745 M1.
250 687 348 760 Quam
363 688 402 745 ob
417 689 501 745 rem?
541 690 594 745 ΑΕ.
618 689 717 762 Rogas
732 688 801 743 me?
842 684 913 760 quid
928 685 967 742 illi
982 684 1103 752 tandem
1116 688 1177 743 cre-

571 783 639 842 ditis
936 851 937 856 ¹
1121 787 1177 861 665

250 883 325 939 Fore
340 883 430 939 enimi
445 883 561 952 misero,
577 883 627 956 qui
642 883 690 938 illa
704 883 858 938 consueuit
873 880 960 954 prior,

249 980 309 1054 Qui
324 979 423 1036 infelix
438 979 557 1036 hauscio
572 981 609 1036 en
624 979 703 1063 illam
718 979 822 1035 misere
838 981 917 1034 nunc
933 987 1021 1048 amet,

250 1076 349 1149 Quom
365 1077 440 1133 hane
456 1078 510 1134 sibi
526 1076 639 1134 uidebit
653 1078 792 1151 praesens
808 1076 956 1150 praesenti
972 1075 1054 1150 eripi,

128 1189 152 1228 aa
247 1173 364 1232 Abdrici
379 1175 416 1232 ab
432 1175 545 1232 oculis?
586 1175 696 1231 seciuus
711 1173 875 1249 indignrim,
891 1184 983 1248 pater.

173 1273 226 1329 Mi.
249 1272 316 1344 Qua
330 1273 443 1329 ratione
459 1272 554 1330 istuc?
595 1275 658 1346 quis
673 1271 855 1346 despondit?
897 1274 961 1344 quis
977 1270 1082 1328 dedit?
1120 1274 1180 1347 670

249 1369 327 1442 Quoi
342 1369 461 1443 quendo
477 1369 596 1443 nupsit?
616 1373 719 1427 arietor
732 1369 777 1426 his
792 1369 879 1426 rebus
895 1369 959 1442 quis
975 1370 1040 1426 est?

249 1465 332 1539 Quor
346 1465 429 1523 duxit
444 1467 590 1524 alienam?
630 1468 685 1524 Au.
707 1469 754 1523 An
768 1465 871 1524 sedere
886 1467 1017 1540 opdrtuit

249 1563 339 1620 Domi
354 1565 497 1638 uirginem
512 1573 572 1620 tam
587 1562 738 1638 grandem,
754 1563 826 1621 dum
841 1567 984 1638 cognatus
999 1563 1056 1620 huc

127 1675 152 1713 40
248 1660 331 1717 Illinc
347 1661 468 1730 ueniret,
485 1662 713 1734 expectantem?
753 1661 836 1731 haec,
853 1664 893 1718 mi
908 1671 999 1735 pater,

247 1758 291 1814 Te
307 1757 405 1814 dicere
421 1775 547 1831 aequom
563 1758 615 1815 suit
630 1768 660 1814 et
675 1757 705 1815 id
720 1756 890 1815 defendere.
1119 1762 1157 1834 67
1161 1778 1176 1836 5

172 1856 224 1912 Mi.
248 1853 436 1912 Ridiculum:
460 1854 657 1913 aduorsumne
672 1855 753 1912 illum
768 1872 887 1913 causam
903 1855 1042 1926 dicerem,

248 1952 327 2025 Quoi
343 1955 483 2009 ueneram·
497 1951 680 2011 aduocetus?
721 1951 774 2010 sed
789 1953 861 2026 quid
877 1953 940 2023 ista,
956 1953 1113 2024 Aeschine,

248 2050 377 2106 Nostra?
411 2049 543 2123 autquid
558 2050 643 2108 nobis
658 2050 812 2107 cumillis?
846 2051 996 2108 abeamirs
1036 2050 1178 2126 (Aesern-

566 2162 623 2204 st
637 2148 732 2221 begins
747 2155 774 2205 to
789 2146 852 2222 cry)
880 2147 951 2222 quid
967 2148 1031 2205 est?

126 2259 151 2297 45
247 2243 327 2316 Quid
352 2244 516 2301 lacrumas?
567 2246 621 2302 An.
653 2246 747 2316 Pater,
773 2245 907 2316 ebsecro,
935 2245 1074 2302 ausculta.
1122 2247 1177 2304 Mi.

568 2342 724 2411 Aeschine,
740 2341 839 2399 audiui
854 2343 954 2400 emnia

248 2423 286 2494 Et
301 2438 381 2509 scio;
404 2456 471 2494 nam
487 2441 515 2495 te
531 2456 608 2495 amu.
651 2456 710 2512 quo
726 2439 817 2513 magis
832 2442 908 2513 quae
924 2440 984 2514 agis
999 2457 1086 2498 curae
1108 2444 1177 2498 sr'mt

567 2535 648 2592 mihi.
1116 2541 1177 2597 680

164 2634 219 2689 ΑΕ.
243 2617 290 2690 lta
303 2633 393 2690 uelim
408 2651 455 2690 me
470 2628 689 2707 premerentem
705 2636 795 2703 ames,
812 2633 883 2690 dum
898 2635 989 2703 uiuas,
1005 2637 1046 2691 ml
1061 2645 1154 2709 pater,

243 2714 282 2786 Vt
297 2747 344 2786 me
359 2729 416 2786 hoc
432 2728 573 2786 delictum
588 2728 741 2786 admisisse
756 2730 786 2787 in
801 2748 858 2802 me,
874 2729 905 2788 id
920 2730 991 2788 mihi
1012 2732 1174 2790 uehemen-

566 2829 610 2884 ter
624 2825 706 2884 dolet

245 2909 284 2980 Et
306 2941 353 2981 me
375 2924 416 2981 tui
439 2922 540 2998 pudet.
584 2925 637 2980 Mi.
661 2922 760 2982 Credo
785 2924 883 2982 hercle
895 2947 903 2996 ;
932 2943 1001 2982 nam
1023 2927 1174 3002 ingenium

564 3025 633 3079 noui
649 3031 731 3079 tuom

122 3133 147 3170 ao
243 3118 394 3190 Liberale3
417 3117 469 3175 sed
484 3136 588 3176 uereor
601 3137 639 3176 ne
655 3118 810 3193 indiligens
826 3118 949 3176 nimium
965 3119 1030 3177 sies

244 3201 280 3273 ln
295 3234 353 3290 qua
367 3216 485 3273 ciuitite
502 3214 622 3273 tandem
638 3226 666 3274 te
683 3217 820 3274 irbitrare
835 3217 956 3273 uiuere?
1115 3221 1171 3296 685

242 3315 391 3389 Virginem
407 3315 523 3384 uitiesti,
539 3332 627 3388 quam
643 3325 671 3372 te
687 3315 806 3373 nemius
822 3314 914 3372 fuerat
929 3317 1057 3390 tengere.

243 3414 306 3469 Iam
322 3412 352 3469 id
367 3423 524 3487 peccatum
539 3413 587 3470 ille
603 3417 730 3488 primum
746 3433 894 3488 magnum,
911 3414 1060 3487 mdgnum,
1076 3423 1106 3471 at
1120 3414 1172 3472 hu·

564 3516 683 3570 manum
699 3523 818 3585 tamen,

239 3609 351 3665 Fecere
363 3609 410 3667 alii
423 3613 510 3684 saepe
523 3610 594 3668 item
606 3612 686 3681 boni,
699 3621 729 3670 at
740 3616 896 3686 pestquam
910 3611 940 3669 id
954 3599 1061 3683 euenit,
1075 3613 1169 3672 cedo:

94 3711 125 3746 ⁶⁶
221 3704 635 3787 Nrimquidcircumspexti?
659 3719 710 3769 aut
719 3709 867 3786 numquid
875 3713 939 3768 tute
948 3717 1101 3786 urnsuexti
1109 3713 1169 3785 tibi,
