2506 3990
590 240 789 320 ADJELPHOE.
909 241 959 304 [IV
971 257 994 301 4,
1010 254 1100 305 14-27;
1124 256 1146 307 5,
1163 256 1183 301 1,
1197 196 1240 290 2.x

288 404 399 475 “Hem,
428 403 500 479 quid
528 404 602 462 istuc
631 405 784 475 obsecro'’,
814 406 942 478 inquam,
965 407 1068 462 “esti''
1102 407 1219 478 paleas,

609 502 716 559 hebeas
731 502 809 558 illam
825 504 900 575 quae
915 503 1032 577 placet!

166 612 190 650 15
287 598 369 656 Sensi
385 599 452 655 iiico
466 597 497 655 id
512 599 574 656 illas
588 599 738 673 sospieari,
754 598 807 656 sed
822 617 870 656 me
885 599 1061 674 reprehendi
1076 594 1186 671 tamen,

287 696 407 770 Nequid
422 695 459 753 de
474 698 559 754 sratre
574 697 704 772 germiae
720 696 759 753 iili
775 697 905 755 dicerem
920 717 954 754 ac
970 698 1053 756 fieret
1068 698 1175 772 palam.

287 794 375 850 Nirnc
390 792 462 868 quid
474 794 601 851 faciam?
622 794 720 851 dicam
732 795 823 851 fratris
835 797 898 852 esse
914 795 1011 851 hanc?
1025 794 1107 868 quod
1122 796 1217 852 minu-

608 894 684 949 mest
704 910 778 965 opus
1159 896 1215 969 625

285 972 418 1061 Vsquom
448 989 559 1046 ecferri.
602 1007 637 1045 ac
666 992 768 1045 mitto:
802 989 864 1045 fieri
892 990 969 1062 potis
994 999 1039 1047 est
1062 1000 1095 1046 ut
1119 1008 1219 1064 nequa

607 1088 710 1142 exeat:

288 1161 388 1256 Ipsum
403 1181 435 1238 id
450 1192 594 1240 metuont
608 1181 750 1254 credant,
772 1192 816 1240 tot
828 1186 1005 1240 conedrrunt
1016 1185 1077 1241 ueri
1092 1185 1215 1243 similia:

165 1293 189 1332 20
287 1265 415 1353 Egomet
443 1281 526 1354 rapui
537 1301 545 1351 3
573 1280 636 1354 ipse
659 1283 777 1355 egomet
805 1280 878 1337 solui
900 1283 1052 1355 argentum
1063 1302 1071 1353 3
1101 1281 1139 1338 ad
1170 1301 1217 1340 me

606 1376 763 1436 abductast
777 1377 909 1435 domum.

287 1475 373 1530 Haec
395 1473 471 1532 adeo
493 1492 559 1531 mea
573 1475 660 1549 crilpa
676 1476 768 1533 fateor
789 1475 864 1532 fieri.
907 1493 968 1533 non
989 1494 1037 1532 me
1054 1477 1131 1533 hanc
1153 1479 1217 1534 rem

606 1573 690 1646 patri,

284 1651 323 1724 Vt
348 1677 380 1724 ut
403 1677 464 1725 erat
485 1677 576 1743 gesta,
597 1668 762 1726 indicasse!
793 1675 958 1729 exorassem
980 1681 1012 1728 ut
1033 1689 1100 1728 eam
1125 1669 1215 1729 dirce-

606 1784 678 1823 rem.
1158 1772 1217 1844 630

285 1862 439 1920 Cessatum
468 1880 560 1936 usque
589 1862 685 1920 ndhirc
720 1874 781 1921 est:
818 1883 896 1921 nunc
931 1883 1029 1939 porr0,
1057 1866 1216 1936 Aeschine,

607 1964 808 2035 expergiscere
823 1965 828 2018 i

286 2057 373 2113 Nimc
388 2056 446 2113 hoc
461 2057 633 2131 primumst:
657 2057 694 2114 dd
710 2058 771 2115 illas
787 2059 846 2130 ibo,
856 2069 887 2116 ut
898 2062 1020 2134 pirrgem
1035 2079 1093 2118 me.
1131 2079 1216 2118 acce·

607 2154 676 2211 darn
700 2155 738 2212 sid
765 2157 832 2214 soris
851 2157 933 2232 (goes
956 2165 982 2213 to
1003 2159 1077 2213 door
1095 2156 1132 2229 (ff
1149 2159 1215 2216 Sos·

606 2253 725 2309 TRnTn's
741 2252 858 2327 house).

163 2363 188 2402 25
287 2348 381 2419 Perii,
417 2348 555 2406 horresco
579 2351 705 2423 semper,
734 2348 870 2426 (knocks)
904 2351 953 2408 ubi
982 2351 1093 2425 pultere
1126 2351 1215 2410 hasce

606 2446 723 2521 occipio
739 2447 835 2504 miser.

286 2543 370 2599 Heris
393 2542 482 2601 heus:
505 2543 669 2601 Aeschinis
691 2561 747 2619 ego
769 2562 843 2602 sum.
885 2546 996 2620 aperite
1014 2546 1117 2619 Aliquis
1134 2556 1214 2603 actu·

605 2651 666 2698 turn
682 2642 800 2700 (istium.

289 2737 362 2814 (sees
384 2737 451 2794 tlzat
468 2756 545 2795 some
566 2757 619 2795 one
640 2740 664 2796 is
686 2741 802 2814 coming
820 2749 879 2810 out,
895 2742 961 2797 and
978 2741 1093 2817 retires)
1114 2740 1215 2800 Prodit

605 2836 706 2893 nescio
721 2840 803 2909 quis:
826 2836 992 2895 concedam
1006 2837 1072 2895 huc.

325 3093 419 3150 M1c10
439 3090 583 3169 (Ssnnx).
625 3096 795 3152 Asscnmvs
811 3082 1053 3171 (Aorsisscsns).

252 3256 352 3313 Enter
373 3257 466 3315 Micio
478 3255 564 3330 from
580 3257 763 3328 SOSTRATA'S,
774 3259 893 3333 'talking
905 3268 932 3316 to
946 3261 1001 3317 her
1012 3260 1128 3318 within.

609 3394 615 3406 Ι

525 3419 578 3476 Mi.
602 3419 702 3475 lauti
718 3418 787 3491 dixi,
803 3420 940 3492 Sestrata,
1155 3423 1211 3497 635

164 3512 206 3571 IV
285 3515 405 3587 Facite,
428 3534 484 3590 ego
497 3516 679 3574 Aeschim'rm
699 3518 884 3588 conueniam,
900 3528 932 3575 ut
953 3522 1013 3592 quo
1034 3518 1126 3577 modo
1148 3528 1215 3576 acta

156 3626 180 3679 5
605 3615 678 3672 haec
694 3617 750 3673 sint
765 3617 837 3674 sciat
856 3618 946 3693 (door
964 3620 990 3674 is
1011 3619 1107 3675 closed
1124 3636 1158 3676 as
1179 3618 1213 3676 lte

607 3723 695 3773 turns
702 3713 788 3787 from
806 3715 851 3773 the
867 3712 984 3785 househ.
