2506 3990
168 275 199 324 52
591 271 791 321 ADELPHOE.
1043 268 1080 333 [V
1092 269 1116 330 8,
1134 284 1219 335 11-27.

210 441 262 495 Ml.
290 439 340 495 Mc
362 437 471 495 ducere
500 439 619 494 autem?
662 438 718 493 Du.
741 437 802 492 Tc..
834 437 891 492 ‘Mi
915 436 987 493 Me?
1028 437 1086 495 Ds.
1109 438 1154 494 Te
1177 438 1220 495 in-

607 552 705 608 quam.
736 534 790 590 M1.
806 533 928 608 Incptis.
960 534 1017 591 DE.
1034 534 1078 610 (to
1093 536 1219 594 AESCHI-

606 630 677 705 st)
701 630 729 689 Si
744 640 775 687 tu
791 632 827 688 sis
843 630 943 702 h0m0‚

287 730 347 787 Hic
369 730 464 787 faciat.
506 732 560 786 ΑΕ.
583 729 627 786 Mi
648 731 740 803 pater.
785 730 837 786 Mi.
861 728 941 802 Quid
964 739 995 786 tu
1016 739 1117 789 autem
1140 731 1218 803 huic,

607 826 697 896 asine,
709 826 875 884 auscultas?
906 828 964 885 DE.
988 827 1037 884 Nil
1052 829 1132 902 agis:
1159 848 1215 906 935

286 925 363 982 Fieri
377 924 460 982 aliter
473 941 534 981 non
548 925 655 998 potcst.
700 925 752 980 Mi.
778 924 899 982 Deliras.
942 926 996 982 ΑΕ.
1019 925 1086 983 Sine
1102 935 1131 982 te
1148 943 1217 984 exo-

172 1089 174 1093 ·
606 1038 678 1090 rem,
694 1024 734 1076 mi
749 1031 840 1094 pater.

206 1120 258 1175 M1.
285 1119 416 1176 Insanis:
440 1118 529 1175 aufer.
573 1118 630 1174 Da.
653 1107 728 1191 Age,
745 1116 784 1173 da
805 1118 922 1174 ueniam
945 1119 1014 1176 filio.
1058 1121 1111 1176 M1.
1135 1121 1218 1178 Satin

606 1216 758 1271 sanuses?

164 1329 188 1367 15
284 1314 349 1387 Ego
364 1316 458 1370 nduos
473 1312 591 1368 maritus
607 1313 684 1367 anno
700 1310 821 1368 demum
836 1316 939 1385 quinto
955 1323 984 1369 et
1002 1315 1218 1389 sexagensumo

284 1411 367 1467 Fiam
382 1412 470 1482 atque
486 1426 574 1465 anum
589 1406 772 1482 dccrcpitam
788 1407 917 1466 ducam?
938 1408 1007 1466 idne
1023 1411 1092 1468 cstis
1113 1422 1216 1470 aucto-

605 1508 651 1562 rcs
666 1506 758 1562 mihi?

162 1618 168 1629 ·
204 1607 258 1661 ΑΕ.
286 1605 345 1660 Fac
356 1624 364 1675 5
387 1603 508 1677 promisi
537 1620 592 1677 ego
622 1603 684 1659 illis.
728 1604 782 1660 Mu
805 1603 941 1661 Promisti
969 1606 1091 1662 autem?
1117 1604 1157 1663 dc
1187 1617 1216 1664 te

606 1700 732 1773 largitor,
749 1718 829 1774 puer.
1158 1723 1217 1779 940

205 1799 262 1855 DE.
284 1800 356 1872 Age,
372 1796 443 1871 quid
459 1795 554 1870 siquid
570 1806 599 1853 te
614 1797 707 1853 misius
722 1799 806 1854 oret?
848 1799 901 1855 Ml.
925 1798 1015 1871 Quisi
1030 1816 1092 1857 non
1105 1799 1165 1858 hoc
1180 1802 1217 1859 sit

607 1913 786 1951 maxuuuuu.

205 1993 262 2050 DE.
285 1994 332 2050 Da
347 1993 473 2050 ueniam.
509 1994 563 2049 ΑΕ.
587 1992 634 2047 Ne
649 1994 779 2065 graucrc.
813 1993 870 2049 Ds.
894 1993 962 2063 Fac,
975 1997 1124 2068 promitte.
1162 1997 1215 2052 MJ.

607 2089 676 2146 Non
692 2089 846 2146 omittitis?

164 2202 188 2240 20
205 2188 259 2243 Aa.
284 2187 363 2256 Non,
378 2187 433 2243 nisi
448 2196 477 2242 te
499 2204 628 2242 exorem.
672 2186 725 2242 Mu
747 2186 798 2242 Vis
820 2196 864 2242 est
886 2186 959 2243 haec
981 2186 1112 2260 quidem.
1156 2191 1213 2248 DE.

606 2271 671 2356 Age
687 2283 807 2356 prolixe,
824 2283 926 2340 Micio,

204 2381 256 2437 Ml.
284 2381 346 2437 Etsi
362 2380 419 2437 huc
434 2379 506 2435 mihi
521 2396 643 2452 prauom
659 2379 792 2453 incptum
808 2378 966 2437 absurdum
982 2391 1071 2456 atquc
1086 2383 1212 2440 alienum

604 2477 696 2532 auiti
711 2495 778 2533 mea

282 2573 425 2645 Videtu13
448 2573 471 2631 si
486 2591 538 2630 uos
554 2575 635 2630 tanto
652 2591 741 2647 opere
758 2574 831 2630 istuc
843 2574 940 2645 uultis,
952 2575 1011 2632 fiat.
1054 2576 1110 2634 As.
1133 2578 1212 2636 Bene

604 2671 683 2727 sacis.
1155 2691 1209 2751 945

203 2768 260 2824 Ds.
283 2768 393 2825 Merito
415 2777 443 2824 te
470 2785 547 2824 amo,
590 2770 692 2823 uerum
710 2812 716 2824 .
733 2812 739 2824 .
757 2811 762 2824 .
780 2769 832 2825 M1.
856 2767 958 2842 Quid?
999 2769 1057 2827 DE.
1081 2771 1147 2847 Ego
1168 2771 1210 2830 di-

604 2882 680 2934 cam,
696 2865 755 2921 hdc
770 2883 860 2938 quom
876 2866 967 2923 confit
982 2866 1064 2940 qubd
1078 2868 1158 2927 uolo.

203 2963 256 3019 Mi.
283 2961 362 3034 Quid
384 2964 463 3018 nunc
484 2960 566 3034 quod
587 2964 696 3019 restat?
738 2964 795 3019 DE.
819 2963 919 3038 Hegio
940 2966 1083 3039 cognatus
1105 2966 1150 3024 his
1168 2976 1212 3025 est

602 3063 770 3132 prdxumus,

281 3154 395 3212 Adssnis
409 3155 504 3225 nobis,
519 3157 649 3230 pauper:
673 3156 748 3212 bene
764 3174 818 3213 nos
830 3155 941 3231 aliquid
952 3157 1048 3216 facere
1060 3159 1101 3217 illi
1112 3159 1209 3218 decet.

161 3265 186 3306 25
204 3253 256 3309 M1.
283 3252 363 3325 Quid
378 3252 495 3310 facere?
536 3253 593 3309 DE.
616 3252 737 3327 Agellist
754 3253 802 3309 hic
818 3254 872 3311 sub
893 3255 964 3312 urbe
986 3255 1108 3328 paulum
1129 3258 1210 3332 quod

602 3350 705 3407 locitas
721 3350 815 3408 foras:

283 3448 363 3504 Huic
375 3446 479 3505 demus
492 3447 542 3521 qui
553 3447 670 3504 fruatur.
714 3448 767 3504 Mi.
792 3448 912 3505 Paulum
924 3447 955 3506 id
966 3452 1115 3509 autemst?
1152 3454 1209 3511 DE.

601 3544 630 3602 Si
646 3544 808 3615 niultdmst,
824 3556 923 3603 tamen
1152 3569 1211 3627 950

271 3641 493 3699 Faciundumst
502 3662 511 3715 3
533 3660 588 3718 pro
603 3651 685 3716 patre
701 3641 769 3699 hulc
788 3652 840 3713 est,
856 3644 951 3702 bonus
972 3653 1026 3715 est,
1040 3648 1143 3706 noster
1157 3659 1209 3719 est,

603 3743 686 3801 recti
703 3739 801 3800 datur.
