2506 3990
98 237 272 304 Vsu-⁶8]
526 244 725 294 unanimos.

96 419 122 456 35
219 405 286 463 Scio
297 425 306 477 3
330 408 403 463 istuc
419 405 507 464 ibam.
551 408 641 465 multa
656 409 686 465 in
700 409 829 481 homine,
846 411 970 481 Demea,

221 502 308 577 Signa
323 505 430 574 insunt,
446 521 482 560 ex
497 505 602 578 quibus
618 506 789 564 coniectura
804 507 888 564 iricile
904 508 944 578 fit,

222 601 290 657 Duo
305 604 396 674 quom
411 600 492 658 idem
508 603 627 673 iaciunt,
643 606 732 678 saepe
748 615 779 661 ut
794 605 888 679 possis
903 604 1001 662 dicere

223 699 303 755 ‘Hoc
318 699 386 756 licet
402 699 522 774 impune
539 701 634 758 ficere
650 701 727 772 huic,
744 702 783 759 illi
799 706 859 760 non
874 702 961 774 licet'‚

222 797 293 853 Non
307 800 367 870 quo
383 795 530 855 dissimilis
545 801 590 855 res
605 799 650 869 sit,
666 798 719 856 sed
735 817 794 873 quo
810 800 833 857 is
848 804 898 873 qui
913 801 990 857 iacit.
1095 802 1149 876 825

221 892 305 967 Quae
322 911 378 968 ego
394 895 490 952 inesse
505 895 534 952 in
550 896 604 953 illis
619 895 717 967 uide0,
732 905 764 953 ut
779 896 929 955 confidem
945 898 1005 954 fore

223 990 270 1046 Ita
283 998 315 1047 ut
329 991 473 1049 uolumus.
517 990 605 1050 uideo
620 1011 671 1051 eos
686 996 798 1068 sipere,
815 994 992 1069 intellegere,
1008 996 1038 1050 ln
1052 994 1119 1051 loco

221 1087 333 1158 Vereri,
349 1089 424 1145 inter
439 1106 470 1145 se
485 1092 593 1146 amare.
636 1091 715 1148 sciris
730 1091 853 1149 liberum

224 1185 380 1260 Ingenium
396 1195 483 1259 atque
498 1187 648 1244 animum:
672 1191 731 1261 quo
747 1188 790 1245 uis
806 1188 869 1245 illos
884 1191 914 1244 tri
930 1186 978 1244 die

223 1280 393 1340 Redducas.
436 1284 560 1340 atenim
575 1287 698 1355 metuas,
713 1302 751 1342 ne
766 1285 804 1343 ab
819 1303 848 1342 re
864 1283 922 1343 sint
937 1294 1036 1341 tamen
1095 1287 1153 1359 830

222 1379 396 1437 Omissiores
411 1380 509 1453 paulo.
552 1399 570 1437 o
585 1391 685 1439 noster
699 1383 823 1451 Demea,

223 1475 270 1533 Ad
286 1476 385 1534 emnia
399 1477 455 1533 alia
469 1479 565 1534 aetate
581 1478 709 1552 sapimus
724 1478 850 1549 rectiu53

223 1574 323 1632 Solum
339 1578 429 1631 imum
445 1574 503 1631 hoc
518 1575 620 1631 uitium
636 1574 731 1632 adfert
746 1584 881 1632 senectus
897 1575 1084 1634 hominibus:

223 1669 412 1729 Adtentiores
427 1675 527 1729 sumus
542 1670 580 1729 ad
595 1689 658 1729 rem
672 1690 785 1743 omnes,
801 1675 890 1746 quam
905 1683 949 1730 sat
963 1683 1027 1744 est3

224 1767 314 1841 Quod
326 1769 390 1825 illos
405 1779 449 1826 sat
463 1779 544 1827 aetas
559 1773 654 1827 acuet.
697 1771 754 1827 Du.
778 1771 824 1827 Ne
840 1771 964 1827 nimium
980 1768 1071 1828 modo
1095 1771 1150 1846 835

223 1865 323 1922 Bonae
340 1875 406 1922 tuae
422 1865 493 1923 istae
508 1869 562 1924 nes
577 1867 713 1937 rationes
730 1867 831 1937 Micio,

226 1963 264 2019 Et
278 1964 345 2018 tuos
360 1962 413 2020 iste
429 1963 542 2020 animus
557 1965 668 2037 aequos
683 1965 844 2022 subuortit.
887 1965 941 2021 Mr.
962 1965 1062 2035 Tace3

224 2060 294 2116 Non
309 2059 368 2116 liet.
412 2060 495 2117 mitte
511 2059 569 2117 ianr
585 2063 694 2131 lstaec;
718 2060 757 2117 da
771 2070 800 2117 te
816 2059 905 2118 hodie
922 2060 1012 2132 mihi3

225 2157 362 2231 Experge
377 2156 513 2214 frontem.
557 2158 614 2214 Du.
637 2158 754 2214 Scilicet
769 2158 809 2214 ita
824 2160 940 2231 tempus
956 2157 1030 2229 sert;

224 2255 248 2310 F
250 2253 445 2310 acirindumst.
488 2263 620 2310 ceterum
635 2256 690 2328 ego
705 2272 752 2310 rus
768 2272 831 2310 cras
846 2272 914 2310 cum
929 2254 989 2311 illio
1094 2257 1152 2327 840

223 2350 299 2408 Cum
315 2353 410 2424 primo
426 2350 484 2407 luci
500 2351 548 2409 ibo
564 2350 641 2407 hluc.
685 2353 738 2408 Mi.
763 2353 808 2408 De
824 2361 912 2409 nocte
928 2354 1054 2409 censeo:

224 2447 327 2504 Hodie
343 2447 433 2505 modo
449 2448 572 2505 hilarum
587 2448 632 2505 iac
647 2459 685 2505 te.
729 2451 785 2507 DE.
809 2450 847 2506 Et
862 2450 947 2506 istam
962 2449 1112 2522 psiltriam

223 2546 288 2601 Vna
303 2545 370 2601 illuc
386 2563 504 2601 mecum
519 2545 587 2602 hinc
603 2545 777 2602 abstraham.
821 2547 875 2603 Mi.
899 2547 1084 2620 Pugniueris.

225 2643 271 2699 Eo
286 2644 374 2716 pecto
389 2661 522 2716 prorsum
537 2643 577 2700 illi
592 2642 726 2717 edligaris
742 2643 860 2716 illiums,

224 2738 319 2796 Modo
334 2740 422 2797 facito
437 2750 469 2796 ut
483 2740 562 2797 illam
577 2743 683 2797 serues.
727 2741 784 2798 Du.
808 2742 872 2815 Ego
887 2740 961 2797 istuc
976 2739 1079 2798 uidero
1095 2743 1150 2818 845

222 2838 318 2910 Atque
334 2837 374 2893 ibi
390 2837 503 2893 fauillae
518 2837 614 2911 plena,
631 2838 702 2894 fumi
718 2856 752 2894 ac
768 2837 885 2912 pollinis

224 2932 391 3007 Coquendo
407 2934 442 2990 sit
458 2934 524 2990 faxo
539 2936 569 2991 et
585 2934 745 3007 molend03
768 2937 884 3008 praeter
898 2934 972 2990 haec

224 3028 349 3087 Meridie
365 3029 429 3104 ipso
444 3030 550 3086 ficiam
565 3040 597 3087 ut
612 3032 748 3105 stipulam
764 3032 900 3106 colligat3

222 3127 298 3183 Tam
312 3131 466 3185 excoctam
482 3126 605 3184 reddam
622 3137 709 3201 atque
725 3131 817 3185 atram
829 3146 917 3202 quarn
930 3129 1056 3186 carbost.
1099 3129 1152 3185 M1.

242 3232 244 3235 '
546 3225 646 3282 Placet
656 3245 664 3296 5

223 3321 311 3377 Nunc
326 3320 398 3378 mihi
413 3320 513 3378 uidere
529 3323 640 3396 serpere.
683 3331 771 3396 atque
787 3321 926 3396 equidem
942 3322 1033 3379 illium
1094 3323 1153 3398 850

101 3433 125 3472 35
220 3419 297 3474 Turn
313 3418 401 3476 etiam
416 3419 440 3476 si
454 3418 527 3475 nolit
542 3423 648 3494 cogam
663 3427 695 3475 ut
709 3437 777 3475 curn
793 3419 841 3476 illa
856 3421 914 3477 una
928 3420 1025 3477 cubet.

142 3517 199 3574 DE.
223 3515 370 3572 Derides?
391 3515 572 3587 fortunitu's,
588 3515 637 3590 qui
654 3516 708 3573 isto
724 3518 823 3575 animo
839 3517 913 3574 sies:

222 3614 287 3687 Ego
303 3610 407 3671 sentio.
451 3614 504 3670 Mi.
526 3613 582 3684 Ah,
598 3615 754 3688 pergisne?
796 3616 853 3671 DE.
877 3614 940 3670 Iam
955 3612 1014 3670 iam
1029 3611 1143 3670 desino.

137 3711 191 3768 Mu
217 3710 234 3768 I
249 3727 327 3786 ergo,
344 3711 430 3785 intro,
446 3719 477 3770 et
491 3710 563 3788 quoi
576 3711 622 3771 rei
636 3721 694 3786 est,
704 3714 735 3771 ei
745 3711 793 3770 rei
798 3710 889 3768 nunc
899 3704 1196 3863 summissim}

1083 3803 1169 3843 scitu
1189 3819 1196 3831 .
