2506 3990
89 117 122 167 26
517 115 717 164 ADELPHOE.
951 114 1005 178 [111
1019 128 1041 178 3,
1054 127 1143 182 ²5-51·

91 298 116 337 25
213 281 294 339 Prius
312 280 391 339 nelo.
434 280 491 337 DE.
518 281 673 357 (exclat'ms
688 280 885 355 imhgnanlly)
905 281 1041 339 Haecine
1064 281 1143 357 flagi-

535 376 594 435 tia!
637 378 683 435 Su.
706 377 750 434 Mi
764 377 886 451 quidem
901 382 961 436 nen
976 379 1102 453 placent,

215 478 254 534 Et
282 476 377 533 clamo
411 492 510 549 saepe.
566 479 609 549 (to
639 475 822 552 smpmmo)
857 477 1031 534 salsamenta
1059 476 1144 546 haec,

536 572 704 647 Stephani0,
1086 576 1145 649 380

216 685 274 729 rac
290 675 475 728 macerentur
489 669 620 745 pulchre.
664 671 721 728 Dr.
745 671 784 728 Di
799 674 928 729 uostram
943 671 1043 744 fidem,

214 772 318 827 Vtrum
334 767 469 827 studione
484 766 516 825 id
530 768 584 826 sibi
599 768 689 826 habet
703 787 740 825 an
755 767 835 825 laudl
849 779 941 844 putat.

216 869 299 938 Fore,
315 870 338 924 sl
352 864 515 941 perdiderit
529 867 673 941 gnatum?
712 884 767 923 uae
783 867 890 924 misere
905 866 986 924 mihi.

92 983 118 1022 ao
212 964 321 1022 Videre
334 964 439 1023 uideor
454 965 512 1021 iam
528 962 608 1020 diem
623 964 713 1034 illum,
729 982 820 1038 quom
835 964 903 1021 hinc
918 982 1008 1040 egens

216 1063 364 1138 Profugiet
378 1063 476 1136 aliquo
492 1061 656 1119 militatum.
699 1062 746 1120 Su.
768 1061 936 1132 ODemea,
1087 1063 1143 1137 385
1252 1048 1253 1055 ¹

216 1163 296 1218 Isuic
311 1169 355 1217 est
369 1177 481 1233 sapere,
496 1163 557 1217 nen
571 1157 653 1233 quod
667 1168 736 1216 ante
750 1157 843 1233 pedes
858 1158 977 1216 modost

215 1257 332 1328 Videre,
348 1256 401 1315 sed
416 1257 504 1314 etiam
519 1257 568 1314 ssla
582 1273 657 1330 quae
673 1257 767 1314 futura
781 1267 848 1314 sunt

216 1357 396 1429 Prospicere.
432 1355 489 1411 Da.
512 1353 614 1427 Quid?
635 1354 726 1411 istaec
741 1354 799 1410 iam
811 1371 902 1429 penes
913 1371 967 1410 uos
979 1352 1146 1428 psaltriast?

48 1432 54 1442 ’
94 1469 118 1508 ar
147 1454 193 1512 Sr.
217 1453 312 1509 Ellam
328 1455 413 1509 intus,
456 1453 513 1508 Da.
536 1451 663 1522 Eh0,an
679 1450 788 1509 domist
799 1451 970 1509 habiturus?
1004 1451 1050 1509 Su.
1073 1450 1145 1509 Cre·

538 1546 588 1618 do,
604 1558 636 1604 ut
651 1558 695 1605 est

216 1646 383 1703 Dementia.
426 1645 483 1702 DE.
506 1645 624 1702 Haecin
640 1645 721 1702 fleri!
763 1646 810 1703 Su.
832 1647 939 1720 Inepta
958 1645 1061 1703 lenitas
1087 1662 1146 1719 390
1239 1640 1244 1657 ¹

216 1743 307 1800 Patris
322 1745 352 1799 et
367 1742 489 1798 facilitas
504 1743 603 1817 praua.
647 1743 704 1798 Da.
727 1741 833 1798 Fratris
849 1744 896 1798 me
911 1741 1033 1816 quidem

216 1839 311 1898 Pudet
326 1840 475 1915 pigetque.
518 1839 565 1897 Su.
588 1839 720 1896 Nimium
736 1839 811 1895 inter
825 1857 887 1910 uos
905 1840 1028 1910 Demea,
1038 1871 1079 1880 -

216 1939 285 1995 Non
300 1940 367 2011 qula
382 1936 452 1994 ades
467 1954 605 2011 praesens
617 1935 686 1993 dico
698 1936 987 2010 hoc-pemimium
1002 1940 1077 1994 inter
1091 1945 1144 1994 est.

94 2053 117 2090 n
212 2036 267 2105 Tu,
284 2037 409 2109 quantus
424 2035 569 2108 quantu’s,
584 2033 625 2091 nil
639 2033 694 2090 nisi
710 2033 853 2107 sapientia
867 2051 907 2104 es,

216 2133 268 2190 llle
283 2132 440 2190 samnium.
483 2151 553 2188 num
569 2134 678 2188 sineres
693 2148 764 2188 uero
780 2130 860 2188 illum
876 2141 958 2189 tuom
1086 2148 1142 2206 395
1247 2170 1251 2177 -

216 2230 326 2286 Facere
341 2228 436 2286 haec?
477 2230 535 2285 Du.
557 2228 689 2286 Sinerem
711 2228 812 2285 illum?
853 2238 903 2284 aut
923 2231 984 2285 non
1004 2245 1055 2285 sex
1077 2228 1145 2285 totis

537 2325 685 2382 mensibus

217 2424 297 2480 Prius
314 2424 488 2494 dlfecissem,
504 2426 592 2496 quam
608 2423 655 2479 ille
670 2423 828 2496 quicquam
843 2423 1004 2496 coeperet?

146 2523 191 2580 Su.
214 2521 401 2595 Vigilantiam
417 2531 496 2578 tuam
512 2522 542 2577 tii
559 2520 630 2576 mihi
646 2521 764 2576 narras?
806 2521 862 2576 DE.
886 2520 931 2577 Slc
947 2521 1001 2577 siet

96 2636 119 2673 u
216 2617 311 2676 Modo
333 2628 365 2675 ut
385 2621 464 2675 nunc
486 2627 539 2687 est,
556 2635 675 2690 quaeso
718 2618 764 2675 Su.
780 2618 819 2673 Vt
833 2619 956 2691 quisque
978 2634 1063 2675 suom
1083 2617 1147 2675 uolt

538 2715 611 2784 esse,
627 2715 703 2771 itast.

136 2815 193 2872 Du.
216 2811 297 2887 Quid
312 2814 401 2870 eum?
441 2810 561 2869 uidistin
576 2810 687 2869 hedie?
728 2811 774 2869 Su.
796 2811 932 2868 Tuomne
948 2811 1061 2867 illium?
1084 2828 1146 2882 400

221 2909 331 2985 (aride)
350 2909 476 2984 Abigam
491 2908 640 2966 himerus
688 2908 730 2985 (to
746 2907 872 2983 Duum)
891 2908 951 2965 iam
965 2906 1079 2965 dudum
1094 2908 1146 2966 ali-

538 3004 610 3079 quid
625 3006 682 3062 ruri
698 3023 783 3081 agere
799 3005 929 3064 arbitror.

136 3107 193 3163 Da.
216 3105 296 3163 Satin
310 3108 366 3161 sels
380 3104 420 3162 ibi
436 3104 521 3162 esse?
562 3104 608 3161 Sr.
631 3103 689 3174 Oh,
705 3103 755 3177 qui
770 3106 889 3178 egomet
910 3101 1043 3176 produxi.
1087 3102 1146 3161 DE.

537 3183 696 3275 Optumest
707 3221 715 3272 3

217 3301 311 3357 Metui
326 3317 363 3356 ne
378 3298 511 3357 haereret
525 3298 582 3357 hic.
624 3299 671 3356 Su.
693 3299 790 3371 Atque
805 3297 910 3354 iratum
924 3295 1097 3355 admodum.

95 3417 119 3456 so
134 3400 192 3458 DE.
215 3396 296 3471 Quid
311 3398 432 3454 alitem?
473 3397 519 3455 Sr.
542 3395 683 3454 Adortust
698 3396 791 3470 iurgio
806 3395 923 3452 fratrem
938 3392 1018 3469 apud
1032 3394 1129 3452 forum

37 3558 42 3563 ,
80 3534 85 3567 :
208 3495 260 3551 De
278 3494 403 3568 psaltria
426 3494 509 3552 istac.
559 3495 616 3551 Du.
641 3494 698 3550 Aln
720 3493 817 3550 uero?
865 3492 912 3550 Su.
935 3491 991 3563 Ah,
1014 3490 1055 3548 nil
1077 3492 1148 3550 reti·

536 3593 609 3652 cuit.
1098 3605 1158 3660 tes
