2506 3990
165 235 197 285 34
591 234 789 296 ADELPHOE.
1045 237 1095 300 [IV
1107 250 1130 296 2,
1142 251 1212 303 9-25.

214 400 261 458 Su.
288 398 399 475 (anile)
416 397 514 456 Rideo
525 397 603 454 hunc
616 419 621 455 :
645 398 772 472 primum
783 402 823 455 ait
834 416 865 456 se
877 400 951 456 scire
962 420 970 470 ;
993 401 1017 457 is
1028 402 1106 459 sdlus
1118 404 1213 460 nescit

606 496 715 553 Omnia.

164 610 187 649 10
204 595 261 652 DE.
288 594 452 670 (continues
462 591 615 667 soliloquy)
632 593 720 651 Nunc
734 591 845 665 rede0;
865 595 888 651 si
904 595 977 652 sdrte
993 595 1080 654 frater
1094 595 1212 654 redierit

604 691 676 749 uisd.
720 692 773 750 CT.
800 692 886 768 (calls
900 702 972 750 suite
987 694 1067 771 uoce)
1087 696 1165 770 Syre,

282 763 424 861 6bsecrO,
441 788 509 846 uide
524 807 562 846 ne
577 789 623 846 ille
643 788 701 845 hue
723 807 839 863 prorsus
861 808 892 847 se
914 794 1015 848 inruat.
1059 793 1105 850 Sv.
1133 795 1210 870 (also

374 874 376 879 ⁴
602 895 674 944 sotto
688 885 769 962 uoce)
790 887 887 945 Etiam
903 890 1003 946 taces?
1152 909 1211 968 550
1227 957 1233 966 ¹

282 972 347 1061 Ego
362 986 485 1042 caueb0.
528 984 581 1042 CT.
609 984 709 1060 (ditio)
731 985 901 1059 Nquuam
923 986 1020 1044 hercle
1042 986 1131 1045 hodie
1154 1007 1211 1064 ego

603 1085 676 1138 istuc
691 1083 874 1140 committam
889 1083 961 1155 tibi;

273 1170 360 1238 ‘Nim
375 1198 423 1237 me
438 1180 496 1236 iam
511 1180 541 1236 in
555 1180 660 1236 cellam
675 1179 801 1254 aliquam
816 1199 885 1236 cum
899 1181 947 1237 illa
959 1181 1156 1259 cdncludam3
1179 1183 1211 1240 id

602 1280 824 1335 tutissumumst.

210 1376 257 1434 Su.
284 1374 385 1453 (ditio)
405 1365 481 1450 Age,
497 1384 596 1431 tamen
611 1392 666 1449 ego
681 1375 759 1431 hunc
772 1376 927 1433 amouebO.
962 1376 1129 1452 (Cisssipuo
1140 1399 1208 1453 goes

601 1473 662 1528 into
677 1473 724 1530 tlte
737 1472 850 1548 house.)
888 1473 944 1530 DE.
972 1474 1082 1549 (seeing
1095 1474 1205 1552 SYRVS)

601 1568 659 1627 Sed
674 1587 779 1626 eccum
793 1570 967 1627 sceleratiim
983 1571 1092 1646 Syrum.

161 1683 184 1720 15
212 1667 258 1725 Su.
285 1667 465 1741 (grumbling
483 1676 511 1724 to
531 1666 655 1739 himself,
677 1669 732 1724 but
748 1687 780 1724 so
802 1669 869 1725 that
887 1669 999 1725 Dium
1019 1669 1101 1727 shall
1116 1669 1206 1747 hear)

603 1765 673 1822 Ndn
686 1764 785 1822 hercle
800 1764 848 1821 hic
864 1766 913 1839 qui
928 1765 990 1823 udlt
1006 1764 1109 1824 durare
1132 1772 1209 1842 quis-

602 1879 699 1935 quam,
716 1862 739 1919 si
755 1862 797 1918 sic
812 1862 853 1932 fit,
869 1872 976 1936 potest.

280 1961 358 2017 Scire
374 1958 513 2033 equidem
528 1959 606 2030 uolo,
622 1958 703 2033 quod
720 1959 791 2016 mihi
806 1959 863 2017 sint
881 1959 1012 2018 ddmini:
1036 1980 1112 2036 quae
1135 1963 1209 2020 haec

601 2066 645 2114 est
660 2058 793 2115 miseria!
1151 2079 1207 2137 555

201 2155 257 2211 DE.
285 2155 389 2230 (again
405 2153 501 2229 aside)
518 2153 597 2227 Quid
613 2155 659 2211 ille
675 2155 797 2229 gannit?
831 2153 901 2228 quid
917 2156 999 2213 uolt?
1038 2156 1081 2233 (to
1096 2158 1206 2232 Svuvs)

602 2252 672 2325 quid
687 2256 738 2322 αῖς,
753 2253 831 2310 bone
846 2253 910 2309 uir?
932 2263 975 2310 est
990 2253 1077 2311 frater
1091 2253 1195 2312 domi?

209 2350 255 2406 Su.
279 2348 358 2422 Quid
381 2349 490 2406 malum
519 2348 605 2406 ‘bone
628 2350 679 2406 uir’
703 2349 774 2406 mihi
796 2351 914 2407 narras?
964 2350 1103 2424 equidem
1126 2354 1208 2427 perii.

600 2447 655 2502 DE.
679 2446 758 2519 Quid
774 2447 874 2504 tibist?

209 2543 255 2601 Su.
278 2543 422 2617 Rdgitas?
463 2543 606 2617 Ctesiphd
622 2561 669 2600 me
685 2544 789 2618 pugnis
812 2548 950 2602 miserum
972 2555 1002 2603 et
1024 2545 1109 2603 istam
1132 2548 1208 2622 psil-

599 2650 683 2697 triam

157 2752 183 2790 ρο
276 2711 375 2811 Vsque
391 2736 509 2795 occidit.
553 2739 609 2795 DE.
634 2739 723 2808 Hem,
739 2737 811 2811 quid
826 2740 945 2796 narras?
986 2740 1032 2797 Sv.
1056 2725 1124 2813 Em,
1140 2742 1208 2800 uide

599 2845 631 2892 ut
645 2833 763 2892 discidit
778 2835 900 2893 labrum.

198 2932 255 2990 Du.
279 2932 522 3006 Quamobrem?
556 2932 602 2989 Su.
619 2933 670 2989 Me
685 2932 832 3006 inpulsdre
844 2933 920 2990 hanc
936 2943 1068 3008 emptam
1080 2953 1143 2994 esse
1160 2941 1207 3000 ait.

599 3030 656 3086 DE.
675 3030 745 3087 Non
760 3040 791 3086 tu
806 3048 873 3087 eum
888 3049 935 3088 rus
950 3031 1018 3088 hinc
1034 3031 1126 3090 modo
1150 3037 1209 3110 560

278 3125 412 3184 Prdduxe
434 3126 535 3184 aibas?
576 3126 622 3184 Su.
645 3127 768 3184 Factum
779 3147 788 3199 ;
817 3145 919 3185 uerum
941 3129 1021 3187 uenit
1042 3140 1111 3204 post
1133 3131 1208 3189 insi·

597 3223 698 3280 niens:

278 3321 327 3378 Nil
342 3320 482 3395 pepercit.
519 3323 580 3377 ndu
594 3319 734 3394 puduisse
750 3321 902 3379 uerberare
917 3322 1069 3381 hominem
1084 3330 1208 3383 senem!

277 3417 374 3491 Quem
398 3420 453 3492 ego
473 3415 565 3475 modo
586 3420 710 3492 pueriim
732 3418 876 3476 tantillum
895 3420 925 3477 in
941 3421 1074 3481 minibus
1095 3427 1208 3499 gestaui

596 3533 678 3573 meu.

133 3610 237 3665 ΜΕ.
261 3610 392 3669 Laudo:
420 3611 674 3690 (apostropht'zing
700 3613 746 3672 ln's
772 3615 841 3688 son)
871 3615 1023 3691 Ctesiphd,
1049 3619 1207 3693 patrissas:

598 3713 659 3781 abi,
674 3713 775 3772 uirum
787 3722 819 3772 ie
832 3711 946 3771 iudico.
